3248 5190
245 626 336 699 Haec
372 618 505 718 omnia,
530 631 556 701 si
594 650 659 718 qua
694 637 782 700 reeta
819 640 935 720 essent,
966 627 1110 718 quaein
1139 619 1200 693 hae
1228 634 1476 712 quaestiuncula

138 743 180 808 de
209 750 354 826 ternpore
382 740 547 809 Ciceronis
574 738 727 810 librorum
757 740 797 806 dc
825 742 952 824 legibus
981 750 1013 808 et
1034 738 1268 824 compositione
1287 739 1360 807 libri
1380 746 1475 829 primi

138 852 285 935 exposui,
326 849 489 914 nonnullis
520 849 657 917 fortasse
694 847 765 914 ursui
804 847 909 915 lutura
938 870 1024 934 esse3
1054 868 1137 931 quae
1165 851 1272 911 autem
1300 849 1405 918 minus
1433 853 1478 919 fe·

139 959 244 1023 liciter
270 954 473 1042 cecidissent,
503 957 623 1023 nemini
652 955 877 1022 detrimentum
906 957 1044 1023 allatura
1077 974 1149 1021 esse
1176 973 1283 1039 spero.

248 1065 290 1130 nt
317 1064 423 1130 fontes
450 1063 714 1150 pbilosophorum
753 1062 949 1135 Graecorum
986 1065 1058 1131 libri
1100 1062 1197 1148 primi
1238 1055 1386 1147 aliosque
1428 1088 1476 1132 ro·
1595 1026 1623 1145 ἶ,

142 1192 256 1238 manos
284 1179 317 1237 et
343 1190 479 1254 graecos
506 1173 580 1237 libri
608 1169 741 1238 secundi
771 1177 802 1237 et
831 1172 916 1237 tertii
945 1193 963 1238 e
991 1172 1106 1255 quibus
1127 1170 1239 1236 Cicero
1259 1170 1366 1238 bausit
1384 1194 1476 1240 accu·
1604 1206 1608 1217 ¹

141 1281 242 1346 ratius
279 1278 475 1362 investigare
516 1281 680 1363 singulare
721 1277 860 1344 studium
890 1280 1045 1364 exposcit,
1074 1278 1162 1361 quod
1189 1277 1263 1368 aliis
1291 1283 1478 1363 urgentibus
1581 1346 1584 1351 ,
1615 1337 1618 1344 .

141 1387 281 1472 negotiis
309 1388 442 1452 immuni
471 1393 614 1472 tempore
642 1387 798 1452 reservari
828 1386 905 1452 mihi
942 1387 1050 1454 liceat.

247 1490 303 1562 Me
331 1493 461 1576 quidem
490 1494 611 1562 laboris
638 1515 704 1560 non
732 1494 913 1578 poenitebit
957 1495 984 1560 si
1003 1494 1100 1559 etiam
1120 1498 1278 1560 nostrates
1297 1494 1339 1559 ad
1360 1496 1475 1564 eodem
1557 1558 1566 1583 ,
1613 1504 1616 1509 '

140 1600 250 1668 studia
285 1597 461 1669 incitavere
501 1603 587 1685 qnod
625 1602 688 1667 mei
718 1620 846 1683 quoque
871 1601 997 1667 consilii
1025 1601 1124 1667 luisse
1152 1601 1288 1668 libenter
1325 1603 1479 1687 profiteor
1590 1684 1599 1701 ,

249 1709 301 1775 Ad
342 1709 423 1774 baec
464 1709 698 1776 conscribenda
740 1708 935 1775 editionibus
976 1708 1101 1775 Davisii
1135 1745 1172 1757 -
1203 1708 1323 1791 Rathii,
1368 1711 1475 1795 Babil,

142 1816 380 1902 Feldhuegelii,
408 1815 551 1902 Adolphi
580 1816 623 1882 du
652 1812 769 1884 hdesnil
798 1821 829 1881 et
857 1814 995 1881 Vahleni
1025 1807 1142 1911 (1883)
1171 1836 1247 1883 usus
1266 1834 1357 1901 sum;
1386 1839 1478 1903 prae·
1601 1851 1604 1854 ⁴

144 1933 236 1990 terea
262 1924 342 1989 hacc
369 1923 446 1990 mihi
474 1924 622 1989 subsidia
649 1923 759 1989 critica
787 1931 916 2007 praesto
953 1923 1100 1992 luerunt:

255 2022 301 2125 1.)
329 2031 560 2116 Reitzenstein,
591 2031 661 2096 drei
689 2032 929 2115 Vermutungcn
963 2051 1019 2096 zur
1061 2031 1254 2097 Gescbicbte
1297 2031 1354 2098 der
1396 2037 1477 2100 rbrn.
1594 2096 1620 2125 .-

141 2139 305 2205 Literatur
332 2138 484 2222 Marburg
515 2140 600 2205 1893

209 2257 210 2260 ’
250 2247 296 2328 8.)
324 2246 494 2330 Adelphos
522 2247 652 2332 Hoyer:
682 2245 733 2310 De
760 2244 920 2311 Antiocho
949 2245 1137 2311 Ascalonita
1164 2246 1299 2311 Bonnae
1326 2247 1422 2313 1883.

251 2352 298 2440 3.)
328 2355 379 2418 De
406 2353 471 2418 XII
499 2353 679 2419 tabularum
708 2354 781 2435 lege
809 2373 829 2418 a
857 2351 990 2419 Graecis
1022 2353 1135 2437 petita,
1175 2354 1381 2436 quaestiones
1409 2354 1479 2438 pbi-

140 2461 274 2544 lologae
301 2460 429 2544 scripsit
445 2459 639 2526 ‘hildericus
667 2459 792 2525 Boescb
820 2458 1005 2525 llfeldensis
1034 2460 1209 2544 Gottingae
1245 2462 1336 2526 l893.
1392 2487 1394 2491 ·

250 2566 298 2654 4.)
327 2566 539 2633 Rheiniscbes
567 2568 712 2633 Museum
743 2569 795 2634 17.
825 2566 993 2650 Jahrgang
1020 2567 1061 2635 N.
1092 2568 1128 2633 F.
1162 2569 1247 2633 1862
1276 2589 1308 2652 p.
1344 2569 1422 2634 269.

250 2668 298 2762 b.)
328 2675 508 2758 Drumann,
538 2674 730 2758 Geschicbte
758 2666 872 2740 Rom’s
900 2675 932 2741 6.

250 2773 293 2877 6.)
321 2783 364 2847 M.
395 2782 495 2847 Tullii
516 2782 700 2871 ¹Ciceronis
737 2781 778 2847 de
819 2787 945 2847 oratore
973 2780 1046 2846 libri
1075 2788 1148 2866 tres,
1179 2765 1299 2848 erhlbrt
1326 2803 1390 2847 von
1419 2784 1477 2849 Dr.

144 2890 270 2965 Gustus
298 2889 397 2955 Sorof
424 2890 520 2973 1815,
554 2891 639 2956 lesu
666 2889 789 2956 Berlin.
1328 2948 1330 2952 Α

251 2987 297 3091 7.)
325 2995 368 3062 M.
408 2996 507 3061 Tullii
549 2995 715 3063 Ciceronis
758 2996 800 3061 de
843 3000 969 3060 oratore
1007 2993 1089 3059 libro
1127 3000 1191 3059 tres
1218 3014 1282 3059 von
1310 2996 1367 3060 Dr.
1397 2995 1475 3059 Karl

139 3101 295 3170 Wilhelm
324 3102 447 3168 Piderit
477 3105 573 3188 1886,
605 3104 701 3186 1889,
738 3103 841 3171 18911,

252 3211 297 3291 8.)
325 3210 357 3277 J.
400 3212 439 3277 Α.
485 3211 520 3276 0.
563 3213 629 3277 'von
670 3210 821 3276 Heusde:
866 3194 908 3274 M,
951 3207 1076 3273 Tullius
1106 3207 1218 3273 Cicero
1247 3200 1476 3275 Φιλοπλατων
1617 3244 1619 3249 ·

106 3275 108 3277 ¹
139 3314 287 3386 Traiecti
316 3316 358 3381 ad
386 3317 533 3383 Rhenum
565 3320 661 3386 1836.

252 3424 297 3505 9.)
326 3424 526 3509 Schmeckel,
556 3424 610 3490 die
638 3424 846 3509 Philosophia
875 3424 932 3490 der
959 3420 1120 3492 mittlcren
1148 3425 1226 3490 Stoa
1259 3423 1345 3490 Berl.
1379 3424 1476 3490 1892.
1608 3422 1614 3427 “

230 3524 296 3624 10)
326 3531 518 3598 Geschiebte
560 3532 618 3598 der
658 3536 737 3600 rbm.
782 3532 943 3599 Liberatur
980 3553 1043 3598 von
1070 3532 1187 3597 Martin
1216 3531 1341 3596 Sebenz
1369 3531 1384 3593 Ι
1412 3530 1475 3597 Tb.
1599 3562 1605 3577 ι

140 3639 175 3704 II
204 3638 287 3706 Aufi.
316 3638 476 3706 Miincbcn
510 3637 608 3707 1898.
1226 3657 1229 3662 ·

250 3816 437 3883 Scribebam
467 3817 639 3884 Carlovicii
669 3837 754 3883 anno
783 3817 989 3884 MDOOOOI.

1098 4077 1264 4161 &repertus
1288 4075 1387 4144 chr'c'.
