3248 5190
206 179 244 246 14

199 394 273 464 libri
310 394 404 481 primi
437 394 644 481 praecipuam
682 400 806 480 partem
842 395 944 463 serius
982 403 1014 462 et
1050 414 1090 461 ex
1119 394 1182 462 alio
1211 394 1300 461 fonte
1328 415 1349 459 a
1376 393 1535 459 Cicerone

201 504 348 570 additam
377 523 460 585 esse,
490 503 568 568 mihi
597 503 770 569 verisimile
799 522 869 569 esse
898 503 1033 570 videtur.
1072 503 1186 569 Liceat
1212 503 1273 568 hoo
1301 503 1372 580 loco
1392 500 1535 565 breviter

199 612 240 678 de
269 612 341 677 libri
370 612 465 696 primi
493 611 727 695 compositione
756 631 1016 695 commemorare,
1047 620 1079 675 ut
1116 612 1341 692 intellegamus
1379 609 1467 672 illum
1489 607 1532 672 de

199 739 323 786 summo
367 719 451 784 bono
494 719 599 783 locum
633 739 697 783 non
731 739 802 784 esse
831 720 1052 803 interpositum
1082 740 1103 784 a
1131 718 1287 784 Cicerone
1315 715 1373 781 sed
1402 720 1532 780 seruate

199 827 325 911 integra
354 825 567 910 dispositione
595 846 691 890 unnm
721 834 884 892 auctorem
915 826 1072 892 Graccum
1107 825 1284 892 adhibitum
1324 843 1405 888 esse.
1451 822 1532 888 Cum

201 935 299 1017 igitur
340 934 488 999 Ciceroni
532 954 602 999 cum
646 933 841 999 doctissimis
873 933 949 999 viris
982 933 1140 1018 proficisci
1171 954 1191 998 a
1219 933 1292 1014 lege
1321 930 1442 1014 placuit
1470 949 1534 1012 age

200 1041 368 1106 videamus
409 1040 571 1124 quomodo
613 1041 697 1106 hanc
736 1042 838 1122 legem
882 1041 1017 1106 definiat
1042 1042 1075 1105 in
1104 1060 1169 1123 qua
1197 1037 1392 1123 explicanda
1420 1047 1451 1100 et
1481 1058 1535 1103 cx·

201 1148 368 1233 planando
395 1149 492 1231 longe
520 1148 736 1232 pulcherrima
764 1169 839 1233 pars
868 1149 961 1214 huius
990 1148 1111 1231 dialogi
1141 1146 1347 1213 consumitur.
1378 1146 1414 1209 ln
1444 1144 1464 1230 ξ
1492 1147 1530 1210 18

201 1255 352 1322 definitur
381 1257 433 1321 lex
464 1275 567 1338 „quae
595 1262 644 1321 est
672 1256 753 1321 ratio
782 1276 907 1321 summa
936 1255 1031 1321 insita
1059 1256 1092 1321 in
1122 1263 1236 1320 natura
1264 1252 1465 1336 quaelubet
1492 1272 1532 1316 ea

200 1383 284 1446 quae
312 1363 463 1429 facienda
490 1373 573 1446 sunt,
603 1361 817 1447 prohibetque
846 1364 1006 1430 contraria
1047 1363 1169 1428 Eadem
1200 1363 1280 1427 ratio
1309 1381 1380 1426 cum
1418 1368 1466 1425 est
1498 1359 1532 1424 in

6 1494 41 1577 J.
115 1478 118 1485 '
200 1471 340 1538 hominis
369 1477 475 1535 monte
503 1470 691 1535 confirmata
719 1478 751 1536 et
777 1471 939 1555 perfecta:
971 1472 1024 1536 lex
1043 1478 1091 1536 cst
1126 1468 1182 1561 (Cf
1213 1470 1279 1536 Cic
1302 1469 1385 1533 Phil.
1401 1468 1533 1547 11128).

305 1578 435 1643 Deinde
453 1577 578 1643 initium
597 1577 632 1644 fit
651 1600 671 1643 a
690 1578 885 1663 Deopouius
904 1584 1064 1663 potestate
1083 1599 1121 1643 ao
1141 1577 1271 1643 numine
1291 1582 1406 1641 natura
1426 1574 1531 1639 omnis

200 1686 321 1768 regitur
350 1693 382 1750 et
408 1706 428 1750 a
456 1705 519 1768 quo
547 1686 716 1769 praeclara
744 1686 884 1768 quadarn
914 1685 1100 1751 conditione
1128 1693 1238 1751 natum
1267 1703 1338 1748 esse
1366 1682 1530 1746 hominem

200 1792 295 1858 docet
333 1812 471 1876 eumque
509 1793 611 1858 solnm
652 1814 692 1858 ex
730 1801 777 1858 tot
805 1794 1014 1859 animantium
1043 1794 1216 1876 generibus
1243 1791 1432 1875 participem
1462 1808 1534 1853 csse

198 1901 335 1967 rationis
377 1907 409 1964 et
449 1900 667 1984 cogitationis
711 1921 794 1983 quae
832 1922 902 1967 cum
931 1900 1112 1966 adoleverit
1138 1908 1235 1983 atquo
1263 1898 1405 1983 perfecta
1432 1895 1474 1961 sit
1502 1901 1535 1960 et

199 2028 270 2072 cnm
300 2007 381 2073 ratio
411 2009 464 2072 lex
491 2009 541 2091 sit,
572 2008 645 2090 lege
674 2015 706 2074 et
732 2009 857 2074 ratione
885 2009 1032 2074 homines
1052 2028 1123 2074 cum
1143 2008 1205 2073 deo
1226 2007 1429 2073 consociatos
1448 2023 1531 2069 esse.

200 2113 329 2180 Deinde
359 2123 505 2180 naturam
534 2110 673 2179 hominis
701 2117 797 2180 talem
827 2136 909 2200 esse,
940 2124 973 2181 ut
1001 2117 1041 2181 sit
1069 2115 1191 2181 homini
1219 2134 1289 2180 curu
1324 2112 1385 2177 deo
1423 2110 1533 2175 simili-

199 2221 288 2305 tudo,
319 2224 374 2304 qui
402 2221 509 2303 fragili
538 2229 570 2286 et
598 2221 721 2288 caduco
750 2223 877 2288 mortali
905 2223 1047 2289 animum
1076 2222 1277 2304 ingeneravit
1309 2239 1446 2302 eumque
1466 2218 1533 2283 sin-

198 2330 301 2412 gulari
345 2329 509 2412 quoddam
548 2328 645 2395 modo
688 2330 825 2395 ornavit.
869 2331 920 2395 lta
961 2350 1020 2395 uos
1062 2350 1173 2395 omues
1201 2331 1270 2393 iure
1299 2328 1385 2411 quod
1414 2333 1531 2391 natrrra

199 2436 309 2502 datum
351 2439 393 2501 sit
433 2436 622 2501 coniunctos
665 2433 765 2504 nihilo
801 2458 861 2502 nos
902 2437 990 2521 ipsos
1025 2438 1096 2521 plns
1125 2457 1220 2520 quam
1249 2437 1368 2501 alteros
1397 2433 1534 2515 diligere

199 2544 336 2609 debere:
366 2544 416 2608 ins
435 2549 476 2608 'et
504 2543 672 2609 honestum
702 2564 766 2610 non
795 2544 932 2610 utilitate
958 2545 1069 2626 aliqua
1086 2551 1182 2628 atque
1201 2546 1304 2608 fructu
1324 2541 1382 2607 sed
1401 2547 1534 2625 propter

199 2671 234 2717 se
263 2671 335 2717 esse
364 2650 596 2734 expetendum:
627 2653 672 2716 ita
700 2652 796 2717 etiam
834 2652 986 2717 iustitiam
1025 2658 1056 2716 et
1084 2652 1226 2734 reliquas
1253 2650 1385 2715 virtutes
1414 2667 1471 2732 per
1498 2666 1534 2711 se

199 2758 355 2825 colendas
383 2779 466 2824 esse.
496 2758 537 2823 ut
564 2759 654 2841 logos
683 2767 817 2826 naturae
836 2761 927 2841 sequi
958 2778 1115 2824 summum
1147 2778 1218 2824 esse
1238 2758 1377 2823 hominis
1396 2757 1529 2824 bonum.

202 2887 265 2949 quo
307 2866 353 2930 ita
394 2866 563 2951 pervenire
604 2868 774 2953 possimus,
816 2873 851 2932 ut
891 2867 1047 2932 rationem
1090 2873 1231 2940 nostram
1265 2864 1473 2931 conficiamus
1501 2869 1535 2926 et

198 2979 389 3057 appetamus
418 2993 488 3038 eam
517 2973 723 3058 sapientiam,
769 2994 854 3056 quae
883 2973 993 3039 docuit
1034 2981 1069 3038 ut
1105 2980 1231 3038 nosmet
1267 2974 1355 3056 ipsos
1388 2989 1533 3035 noscere·

199 3100 288 3145 mus:
328 3081 396 3145 eius
433 3081 598 3164 praecepti
637 3086 727 3147 tanta
758 3081 807 3145 vis
835 3088 892 3162 est,
924 3088 958 3145 ut
984 3101 1024 3145 ca
1048 3101 1115 3169 *non
1145 3081 1266 3146 homini
1295 3079 1445 3163 cuipiam,
1474 3075 1535 3141 sed

200 3184 359 3272 Delphico
389 3187 450 3253 deo
480 3187 681 3254 tribueretur.
711 3187 770 3276 (Cf
807 3188 848 3253 de
876 3188 930 3254 fin.
962 3187 989 3251 V
1024 3188 1080 3271 16,
1110 3188 1179 3267 44).
1219 3185 1385 3268 Quidquid
1423 3191 1531 3248 autern

203 3295 244 3361 de
272 3295 341 3360 iure
369 3315 407 3360 oc
435 3296 562 3376 legibus
591 3297 809 3380 explicuisset,
840 3294 873 3359 id
901 3313 936 3360 se
964 3314 1028 3359 non
1059 3316 1079 3360 a
1107 3294 1268 3359 veteribus
1296 3294 1360 3359 illis
1389 3292 1442 3374 qui
1461 3289 1534 3355 fuse

199 3424 238 3468 ac
279 3403 380 3467 libere
423 3402 632 3486 disputabant
669 3404 689 3470 i.
719 3423 748 3471 e.
779 3402 964 3484 Socraticis,
994 3423 1014 3466 a
1041 3409 1149 3468 vetere
1178 3401 1356 3467 Academia
1384 3407 1416 3464 et
1444 3398 1534 3471 Peri·

198 3510 348 3594 pateticis
376 3510 434 3574 sed
463 3529 573 3574 eorum
602 3511 745 3577 rationes
787 3510 1004 3594 desumpsisse
1046 3509 1175 3593 fatetur,
1202 3510 1254 3592 qni
1276 3509 1366 3591 quasi
1388 3505 1536 3571 officinas

198 3617 380 3701 sapientiae
408 3616 644 3686 instruxissent.
675 3619 757 3683 Tum
787 3617 1008 3684 auctoritatem
1039 3618 1242 3699 sequentinm
1271 3622 1533 3698 argumentorum

198 3724 317 3790 finibus
344 3724 463 3789 veteris
491 3724 688 3790 Academiae
718 3725 899 3790 Aristotelis
928 3732 959 3790 et
987 3725 1165 3790 Stoicorum
1196 3743 1267 3788 cum
1304 3724 1368 3787 illis
1397 3742 1430 3785 re
1458 3740 1534 3784 oon·

98 3866 101 3871 ·
198 3834 394 3917 gruentium,
437 3851 557 3914 genere
600 3832 738 3898 docendi
780 3833 912 3916 paulum
955 3831 1170 3896 differentium
1213 3830 1381 3908 contineri,
1429 3847 1535 3909 neque

199 3939 389 4004 Ciceronem
432 3935 585 4006 interiora
628 3960 736 4005 earum
780 3938 1021 4022 disciplinarum
1056 3939 1157 4021 sequi,
1186 3959 1292 4020 neque
1321 3938 1371 4001 hic
1401 3937 1442 3999 do
1470 3935 1535 3998 fine

198 4047 356 4111 bonorum
387 4046 450 4110 iam
479 4053 576 4112 antea
604 4053 798 4130 pertractato
827 4066 983 4128 quaerere
1012 4045 1072 4111 sed
1099 4045 1278 4112 Stoicorum
1309 4043 1529 4109 definitionem

199 4155 313 4219 summi
343 4154 420 4219 boni
438 4160 525 4218 'vere
553 4173 730 4235 congruere
758 4174 829 4218 cum
857 4153 914 4218 illa
941 4152 1287 4251 veterishcademiae,
1309 4153 1341 4217 in
1361 4151 1531 4216 verborum

200 4261 328 4327 delectu
357 4261 550 4326 deteriorem
581 4269 612 4326 et
639 4283 703 4326 non
733 4280 921 4345 prosperam
950 4280 1033 4343 esse,
1063 4249 1160 4343 atque
1193 4280 1234 4324 ex
1261 4260 1441 4325 Stoicorum
1471 4252 1533 4322 dis-

200 4369 322 4453 ciplina
364 4369 553 4434 Ciceronem
596 4369 735 4433 maxime
778 4367 937 4434 Antiocho
974 4361 1131 4435 adsentiri
1168 4373 1255 4432 recte
1284 4367 1434 4451 opinatur
1462 4383 1533 4427 oum

199 4476 331 4563 Hoyero
360 4475 630 4557 Reitzensteinns,
660 4495 794 4560 quorum
823 4474 991 4542 sententiis
1019 4494 1070 4541 me
1098 4472 1283 4540 adscribere
1316 4495 1381 4540 nou
1410 4470 1533 4554 dubito,
