3248 5190
202 287 252 375 tt

209 521 368 589 accedere
396 541 503 603 neque
530 520 592 586 sihi
620 514 727 587 causis
754 512 892 606 agendis
920 508 1077 605 impedito
1106 518 1232 605 tempus
1260 518 1432 606 suppetere
1452 527 1486 586 ut
1505 514 1547 587 de

209 631 283 695 iure
325 627 412 694 civili
456 628 655 695 conscribat:
698 635 806 694 tamen
848 629 889 695 ab
922 628 1027 694 Attico
1056 627 1256 712 admonetur,
1286 635 1319 693 ut
1349 629 1389 694 de
1417 630 1545 710 legibus

84 710 102 757 '⁸
210 736 343 821 scribat,
386 735 473 818 quod
515 755 736 819 consequens·
760 755 831 802 esse
858 733 997 820 videtur,
1025 755 1096 801 eum
1126 736 1167 800 ah
1196 757 1234 801 eo
1265 735 1305 800 de
1335 736 1456 820 optimo
1486 739 1547 802 rei·

210 844 363 929 publicae
392 849 476 909 statu
504 843 656 928 scriptum
685 843 747 910 sit:
777 864 852 910 uam
881 841 968 908 idem
997 843 1165 908 Platonem
1194 843 1319 926 fecisse,
1360 863 1454 925 quern
1492 845 1546 909 Ci-

213 971 288 1017 cero
332 950 518 1038 admiretur,
563 969 657 1033 quem
700 950 849 1017 omnihus
883 956 1070 1035 anteponat,
1101 970 1195 1032 quem
1223 951 1363 1015 maxime
1393 950 1546 1032 diligat“.

212 1060 328 1141 ltaque
366 1057 427 1124 hoc
464 1057 630 1123 exordium
669 1059 813 1142 legentes
851 1057 997 1123 videmus
1026 1056 1215 1123 Ciceronem
1244 1057 1377 1140 negotia
1405 1059 1546 1124 oratoris

212 1162 352 1233 forensis
394 1165 540 1247 quamvis
581 1186 646 1231 non
685 1165 755 1231 sine
792 1165 942 1231 molestia
979 1164 1151 1231 obeuntem
1180 1172 1212 1230 et
1240 1164 1402 1230 vacationi
1431 1166 1547 1230 aetatis

136 1334 140 1339 .
213 1272 441 1354 confidentem,
471 1275 536 1355 qua
563 1273 609 1338 rei
638 1273 679 1338 ah
708 1273 817 1338 Attico
847 1271 1053 1338 desideratae
1081 1292 1214 1356 operam
1245 1271 1348 1338 daret.
1389 1272 1460 1349 Quo
1490 1272 1547 1337 ha·

212 1381 279 1445 hitu
323 1379 436 1445 Cicero
474 1400 558 1461 quae
599 1380 698 1445 vellet
734 1398 883 1462 quaeque
928 1379 1064 1446 sentiret
1090 1380 1123 1446 in
1150 1378 1240 1445 libris
1269 1381 1309 1444 de
1338 1379 1463 1464 legibus
1491 1400 1547 1444 ex·

20 1470 55 1555 ’.··.”
100 1482 103 1487 ’
214 1486 417 1572 prompserit,
458 1484 572 1552 eodem
597 1488 697 1553 libros
726 1486 767 1553 de
782 1494 909 1553 oratore
928 1492 1001 1571 post
1015 1486 1192 1553 discessum
1220 1482 1351 1553 Lentuli
1381 1480 1436 1581 (ad
1452 1487 1546 1554 Fam.

214 1596 242 1668 Ι,
274 1594 311 1679 9)
341 1593 509 1682 scripsisse
523 1593 620 1660 liceat
633 1594 710 1660 mihi
727 1594 919 1678 quibusdam
935 1594 1091 1678 exemplis
1107 1592 1278 1660 ostendere
1293 1593 1439 1659 adhibito
1462 1595 1543 1659 libro

214 1701 391 1767 doctissimi
432 1701 676 1786 Reitzensteini,
719 1703 810 1767 cuius
851 1702 961 1787 opinio
1002 1700 1090 1766 haud
1133 1700 1230 1766 dubie
1259 1701 1336 1764 milri
1366 1701 1546 1766 adrerum

212 1807 370 1875 accedere
407 1807 566 1874 videatur.
606 1808 730 1886 Quibus
766 1809 874 1874 verbis
912 1815 943 1873 et
979 1807 1148 1876 sententiis
1185 1808 1297 1873 Cicero
1332 1809 1364 1872 in
1394 1808 1475 1873 lihro
1506 1808 1547 1873 de

213 1923 341 1984 oratore
382 1917 440 2000 ΙΙΙ,
486 1920 534 1982 tt·
569 1916 667 1981 utitur
699 1916 741 1982 de
768 1916 971 2000 philosophis
1000 1917 1109 1981 omnia
1136 1916 1301 1998 voluptate
1329 1916 1546 2000 metientibus,

213 2043 294 2106 quos
324 2023 357 2088 in
386 2023 520 2089 hortulis
548 2024 614 2089 suis
643 2024 809 2107 quiescere
837 2044 875 2088 ac
903 2022 1058 2089 recubare
1087 2023 1176 2088 iubet
1194 2043 1300 2104 neque
1319 2042 1354 2088 se
1374 2023 1415 2087 ah
1431 2023 1546 2087 iisdem

213 2130 349 2223 avocari
385 2131 507 2216 rostris,
546 2151 566 2195 a
601 2127 741 2214 iudiciis,
776 2151 796 2196 a
828 2131 917 2196 curia
945 2130 1076 2214 patitur,
1107 2129 1221 2196 eadem
1250 2130 1318 2195 fere
1346 2130 1482 2213 legimus
1510 2131 1543 2194 in

212 2240 316 2322 primo
346 2237 387 2302 de
415 2238 541 2319 legibus
569 2237 651 2302 libro
679 2242 699 2319 ἕ
729 2235 899 2306 38-39,
929 2238 979 2302 Ita
1008 2238 1104 2302 etiam
1134 2236 1176 2303 de
1204 2237 1387 2302 remissiore
1416 2236 1544 2301 dicendi

212 2365 332 2429 genere
370 2345 402 2410 in
440 2350 605 2410 senectute
642 2345 743 2410 instar
779 2345 888 2410 Roscii
918 2343 1055 2409 eandem
1085 2345 1277 2410 sententiam
1306 2343 1486 2409 invenimus
1515 2345 1547 2408 in

212 2453 295 2517 libro
339 2452 442 2536 primo
481 2451 523 2516 de
559 2451 686 2535 legibus
723 2450 743 2538 ἓ
773 2451 796 2518 4
826 2458 858 2517 et
886 2451 1084 2535 deoratore
1111 2452 1215 2535 primo
1245 2453 1289 2517 60
1329 2452 1372 2517 Ut
1400 2451 1485 2516 eninr
1514 2453 1547 2517 in

212 2559 294 2623 lihro
333 2559 435 2643 primo
474 2559 515 2623 ds
548 2558 675 2641 legibus
703 2559 819 2643 capitis
847 2558 944 2643 primi
972 2559 1110 2625 Atticum
1140 2558 1476 2640 inducit'loquentem
1506 2559 1547 2623 de

213 2685 332 2748 quercu
371 2666 588 2750 Arpinatium,
627 2685 711 2748 quae
749 2666 896 2732 Mariana
933 2664 1058 2750 dieitur,
1097 2686 1163 2731 non
1210 2685 1351 2747 unquam
1386 2665 1546 2750 defutura,

215 2773 290 2838 dum
320 2774 457 2840 Latinae
486 2774 658 2856 loquentur
686 2774 812 2840 litterae
840 2774 886 2839 ita
914 2772 946 2839 in
976 2773 1059 2840 libro
1087 2774 1103 2837 Ι
1131 2777 1151 2853 6
1180 2775 1198 2838 7
1229 2773 1270 2838 de
1299 2780 1426 2838 oratore
1454 2772 1549 2839 Scae-

212 2889 321 2945 volam
359 2880 559 2947 admonitum
598 2900 669 2946 esse
706 2881 830 2965 platani
867 2882 901 2945 in
943 2880 1092 2946 Phaedro
1126 2879 1282 2967 Platonis,
1312 2900 1396 2962 quae
1425 2880 1454 2944 ei
1482 2902 1548 2946 non

213 2993 278 3052 tam
317 2989 436 3070 aquula
473 2988 540 3072 illa,
575 3007 659 3069 quae
688 2987 900 3073 describetur,
931 3007 1029 3069 quam
1058 2987 1204 3053 Platonis
1233 2988 1379 3052 oratione
1408 2989 1548 3053 crevisse

214 3094 387 3160 videretur.
435 3095 486 3159 De
527 3094 792 3179 philosophorum
840 3093 1062 3179 disputatione
1099 3094 1295 3161 articulatim
1330 3093 1483 3159 distincta
1511 3115 1549 3159 ac

215 3208 366 3286 separata
394 3220 498 3266 sermo
527 3207 576 3266 est
603 3200 636 3266 in
667 3201 833 3268 Ciceronis
861 3201 944 3267 lihro
974 3201 1078 3285 primo
1107 3200 1127 3287 ἓ
1156 3205 1199 3266 36
1228 3201 1269 3266 de
1298 3202 1424 3285 legibus
1443 3222 1548 3283 aeque

214 3329 253 3373 ac
290 3308 323 3373 in'
362 3309 442 3374 libro
480 3308 623 3374 seeundo
656 3307 676 3396 g
717 3311 756 3375 16
786 3309 828 3375 de
856 3315 996 3376 oratore.
1024 3307 1163 3377 Nomine
1192 3308 1373 3393 principum
1402 3315 1546 3373 senatum

215 3415 375 3498 intellegit
401 3416 435 3481 in
464 3415 545 3481 libro
574 3415 677 3500 primo
707 3416 749 3482 de
777 3417 952 3499 legibus&
983 3416 1023 3481 l6
1053 3423 1084 3481 et
1112 3415 1146 3481 in
1175 3416 1257 3480 libro
1285 3417 1388 3500 primo
1417 3420 1436 3497 ξ
1467 3416 1547 3481 lde

20 3512 26 3521 ’
145 3560 147 3565 ,
216 3528 355 3589 oratore.
393 3523 431 3587 In
464 3523 589 3606 patriae
622 3544 732 3589 amore
759 3530 881 3590 tantam
909 3524 1018 3590 inesse
1063 3524 1127 3588 vim
1155 3530 1190 3587 ut
1216 3520 1471 3607 sapientissimus
1499 3523 1548 3587 vir

32 3616 36 3625 ’
214 3629 357 3694 Ithacam
387 3629 475 3707 illam
503 3629 537 3694 in
564 3631 750 3714 asperrimis
779 3632 900 3699 saxulis
929 3612 1088 3712 tanquam
1108 3628 1253 3695 nidulum
1269 3630 1400 3695 affixam
1421 3631 1546 3694 immor-

214 3736 331 3802 talitati
360 3743 572 3820 anteponeret
600 3737 737 3820 legimus
764 3739 798 3804 in
825 3740 909 3805 libro
938 3736 1081 3804 secundo
1111 3737 1227 3823 capitis
1246 3738 1339 3822 primi
1360 3737 1401 3802 de
1422 3737 1549 3819 legibus

216 3851 248 3909 et
274 3843 356 3910 libro
385 3844 488 3928 primo
517 3842 537 3930 ἓ
567 3844 607 3908 42
638 3845 679 3909 de
708 3851 846 3915 oratore.
876 3848 914 3912 In
943 3844 1025 3910 libro
1054 3844 1157 3930 primo
1187 3864 1215 3912 c.
1247 3848 1277 3927 2,
1309 3845 1329 3911 6
1361 3845 1402 3909 de
1422 3845 1548 3929 legibus

214 3950 419 4036 Antipatrum
447 3951 545 4035 paulo
573 3951 795 4018 vehementius
822 3952 955 4019 inflasse
983 3953 1118 4018 annales
1147 3970 1224 4016 suos
1244 3951 1359 4019 Cicero
1381 3952 1478 4016 refert
1500 3989 1546 3999 -

216 4058 354 4124 eundem
396 4050 564 4125 addidisse
601 4058 754 4126 historiae
783 4062 937 4127 maiorem
966 4078 1080 4124 sonum
1108 4058 1198 4125 vocis
1227 4059 1259 4124 in
1289 4059 1370 4123 lihro
1400 4058 1547 4125 secundo

219 4167 259 4231 13
307 4165 348 4230 de
394 4171 521 4231 oratore
567 4166 743 4234 contendit.
792 4167 1074 4235 Persuasissimum
1121 4165 1258 4252 habens,
1309 4173 1429 4247 quanto
1477 4166 1548 4230 usui

215 4277 256 4338 sit
301 4272 388 4338 vitae
431 4272 591 4338 humanae
636 4275 855 4360 philosophia,
903 4296 974 4342 cam
1023 4273 1165 4339 omniurn
1207 4293 1313 4339 rerunt
1356 4274 1548 4358 optimarum

216 4379 432 4462 cognitionem
462 4381 606 4464 appellat
634 4381 746 4447 Cicero
774 4383 807 4448 in
836 4384 919 4449 lihro
948 4380 1051 4466 primo
1080 4383 1135 4464 22,
1167 4381 1212 4449 68
1242 4380 1283 4446 de
1311 4381 1437 4464 legibus
1466 4387 1497 4445 et
1515 4380 1547 4444 in

216 4488 298 4553 libro
341 4487 434 4553 tertio
479 4491 519 4554 16
562 4486 603 4553 de
636 4495 773 4557 oratore.
811 4492 849 4556 In
877 4491 959 4556 libro
989 4489 1091 4570 primo
1121 4492 1154 4572 4,
1187 4490 1228 4554 14
1256 4488 1297 4553 de
1325 4489 1451 4572 legibus
1479 4488 1550 4552 iura

216 4593 439 4660 stilicidiorurn
468 4615 507 4661 ae
534 4595 704 4684 parietum,
734 4597 976 4682 stipulationum
1007 4604 1038 4662 et
1069 4596 1261 4663 iudiciorum
1299 4592 1455 4664 formulas
1494 4594 1550 4660 hu·
