3248 5190
1376 458 1432 554 ,ω

97 663 285 756 praesertim
314 652 385 733 curn
414 665 484 755 ipse
514 666 628 738 Cicero
657 662 837 738 confirmet:
868 688 903 736 se
936 666 1095 737 Antiocho
1115 666 1265 750 prudenti
1286 676 1317 736 et
1336 679 1430 739 actito

26 832 29 837 .
97 781 165 845 viro
194 779 240 843 ita
267 775 422 843 adsentiri
452 786 487 844 ut
516 780 602 845 illam
641 777 809 843 verborum
839 778 1092 844 controversiam
1122 774 1163 838 de
1191 794 1315 843 summo
1343 781 1431 847 bono

99 894 199 952 totam
242 904 339 968 posse
381 885 490 951 sedari
532 884 691 952 concedat
732 891 828 966 atqac
858 885 1059 952 redeundum
1089 901 1160 947 esse
1188 883 1231 948 ad
1260 888 1425 970 terminos,

98 1014 179 1076 quos
217 992 368 1057 Socrates
406 997 531 1078 pegerit
564 992 599 1075 (ξ
627 992 699 1084 oe).
742 991 1026 1076 Recognoscamus
1054 990 1151 1073 igitur
1193 997 1294 1057 toturn
1327 994 1448 1085 huius
1546 996 1549 1001 ’

96 1101 170 1166 libri
199 1106 432 1184 argumentum,
462 1109 495 1166 ut
523 1086 690 1166 uideamus
718 1119 793 1163 num
821 1102 972 1186 Hoyerus
1001 1108 1032 1165 et
1067 1097 1325 1165 Reitzensteinus
1345 1110 1431 1168 recte

97 1208 208 1273 dicant
250 1208 353 1291 primo
395 1209 477 1273 libro
521 1208 562 1273 de
605 1207 731 1289 legibus
773 1227 869 1272 unum
905 1215 1049 1274 tenorem
1087 1213 1246 1270 servatum
1276 1227 1358 1292 esse,
1389 1231 1431 1277 an

98 1314 341 1382 Schmcckclius
384 1317 439 1396 qui
481 1336 545 1381 non
588 1315 650 1379 nisi
692 1312 828 1379 sublatis
868 1318 908 1397 ἐξ
945 1310 1103 1397 nul-27,
1132 1310 1251 1378 deinde
1281 1305 1425 1385 tlt-57

99 1423 220 1488 clarum
248 1421 478 1487 sententiarum
509 1422 653 1488 ordinem
683 1439 718 1485 se
746 1422 889 1487 nancisci
918 1429 1007 1506 putet
1048 1421 1162 1503 Itaque
1199 1421 1302 1504 primo
1340 1443 1432 1506 argu·

96 1536 205 1594 mento
234 1528 277 1594 ad
306 1529 532 1613 explicandum
561 1529 639 1594 iuris
666 1533 814 1592 naturam
843 1526 1030 1612 quaelenda
1059 1527 1197 1593 bominis
1217 1530 1333 1596 natura
1353 1550 1429 1597 usus

99 1644 149 1702 est
176 1634 219 1722 ἐξ
248 1635 382 1701 23-30
419 1656 552 1719 quarum
588 1636 676 1701 nulla
709 1635 787 1699 mihi
815 1656 921 1719 neque
949 1636 1094 1702 tollenda
1121 1654 1228 1715 neque
1256 1638 1349 1702 aliter
1368 1637 1429 1703 dis-

99 1743 253 1828 ponenda
282 1742 407 1808 videtur
430 1744 576 1827 illudque
603 1743 837 1808 Reitzensteini
865 1750 977 1808 contra
1005 1742 1261 1809 Scbmeekelium
1296 1735 1429 1826 dignum

99 1850 188 1934 <l¹¹⁰<l
229 1870 402 1933 Sequamul·
442 1850 665 1936 paragraphus
695 1846 849 1917 24-27
882 1851 997 1917 abesse
1024 1871 1089 1915 non
1117 1869 1214 1933 posse
1243 1858 1274 1915 et
1302 1853 1429 1917 sublato
1532 1848 1556 1919 ,“

98 1959 154 2025 illo
184 1978 224 2022 ex
252 1962 271 2038 ξ
299 1960 341 2023 at
375 1979 483 2044 „nunc
512 1960 664 2040 quoniam
694 1957 866 2041 bominem,
897 1958 984 2040 quod
1013 1958 1204 2042 principium
1235 1959 1430 2041 reliquarum

100 2085 206 2130 rerum
235 2085 306 2130 esse
334 2066 444 2149 voluit,
474 2063 642 2148 generavit
670 2071 701 2129 et
730 2065 856 2129 ornavit
883 2065 963 2130 deus
991 2085 1019 2130 c.
1052 2086 1085 2147 q.
1115 2084 1141 2130 s.
1173 2065 1312 2130 futurum
1346 2087 1430 2152 csse,

99 2179 135 2238 ut
161 2173 244 2237 inter
272 2192 307 2238 se
335 2171 538 2258 parapraphi‘
561 2175 603 2238 23
634 2179 664 2236 et
692 2173 734 2236 28
764 2193 828 2236 non
858 2173 1053 2237 cohaereant
1108 2173 1207 2236 Porro
1251 2172 1363 2239 Cicero
1397 2182 1432 2240 ut

100 2278 243 2345 dilucide
286 2280 417 2366 expedit
452 2279 722 2364 Reitzensteinus,
764 2279 897 2345 definita
929 2281 1001 2361 lege
1034 2285 1143 2362 (quam
1171 2278 1328 2346 rationem
1359 2301 1431 2346 esse

100 2388 275 2467 existimat)
303 2389 406 2473 primo
435 2395 624 2470 argumento
653 2386 714 2451 hoe
742 2387 923 2469 praemisit:
963 2385 1116 2451 mundum
1144 2407 1165 2450 a
1194 2386 1256 2450 deo
1273 2389 1363 2472 regi;
1385 2409 1433 2454 se·

99 2494 222 2561 cundo:
255 2497 358 2582 ,nihil
386 2495 517 2561 omnino
545 2495 578 2560 in
607 2494 701 2560 bonis
730 2494 962 2559 numerandum
991 2514 1073 2576 esse,
1104 2493 1166 2558 nisi
1195 2494 1282 2576 qnod
1309 2515 1367 2579 per
1396 2516 1431 2561 se

99 2603 205 2686 ipsum
244 2603 409 2687 laudabile
451 2609 568 2669 esset“.
609 2603 688 2667 Cum
716 2621 807 2686 ergo
851 2601 931 2667 deus
973 2602 1054 2667 ratio
1094 2601 1145 2684 sit,
1185 2601 1281 2666 bomo
1324 2612 1430 2667 autem

100 2709 257 2775 rationem
296 2732 316 2777 a
357 2710 419 2775 deo
461 2711 587 2793 accepit
628 2709 772 2791 sequitur
799 2709 960 2774 bominem
990 2710 1165 2790 agnatione
1193 2707 1245 2773 dei
1275 2717 1306 2774 et
1334 2719 1430 2792 gente

98 2818 211 2901 teneri,
240 2818 395 2883 mundum
423 2837 494 2882 esse
523 2817 656 2883 deorum
686 2817 914 2898 hominumque
942 2835 1041 2881 causa
1073 2823 1214 2881 creatum
1253 2825 1349 2898 atque
1379 2819 1431 2883 lio·

99 2925 217 2990 minem
246 2926 423 3010 principem
452 2945 472 2989 a
500 2923 561 2989 deo
590 2925 694 2989 locum
725 2924 870 2988 obtinere
899 2927 930 3005 (ξ
958 2925 1028 3015 2Ῑ).
1060 2922 1167 3000 Quare
1196 2923 1276 2988 deus
1304 2923 1346 2988 ad
1376 2925 1431 2989 ho·
1493 2937 1500 2944 ·

98 3032 219 3097 minum
260 3054 352 3098 usum
395 3040 427 3098 et
464 3031 709 3098 commoditates
750 3050 905 3095 summam
949 3030 1091 3095 omninum
1119 3050 1223 3094 rerum
1253 3031 1431 3097 ubertatem

99 3139 235 3222 largitus
277 3149 336 3226 est,
374 3148 409 3204 ut
446 3159 494 3224 ea,
529 3158 612 3220 quae
645 3138 832 3222 gignantur,
862 3159 926 3203 non
955 3144 1075 3203 temere
1103 3145 1159 3201 ant
1184 3137 1315 3204 fortuito
1344 3148 1431 3223 nata,

99 3244 159 3311 sed
188 3246 310 3313 donata
338 3248 484 3313 consulto
514 3246 700 3312 videantur:
731 3252 778 3310 tot
805 3265 845 3311 ac
872 3246 969 3310 tantis
998 3245 1128 3310 dotibus
1156 3244 1303 3311 homines
1331 3268 1350 3311 a
1379 3268 1433 3312 na-

102 3361 174 3417 tura
201 3355 346 3421 instructi
375 3361 459 3438 sunt,
501 3374 567 3436 qua
594 3352 676 3418 duce
705 3353 840 3434 quisque
882 3353 976 3420 deum
1007 3372 1203 3436 cognoscere
1231 3373 1332 3435 seque
1361 3375 1432 3420 cunr

99 3481 138 3525 eo
167 3460 282 3528 virtute
311 3481 493 3545 exaequare
522 3470 640 3545 posset.
669 3460 800 3525 Rationi
829 3480 943 3525 sensus
962 3469 994 3524 et
1013 3460 1168 3524 obscurae
1188 3457 1431 3543 intellegentiae

100 3567 243 3634 attributi
270 3578 345 3636 sunt
372 3570 464 3652 quasi
484 3568 696 3633 fundamenta
714 3568 869 3632 scientiae
888 3568 1009 3632 bomini
1030 3567 1280 3650 comparandae.
1303 3568 1429 3653 Corpus

101 3681 151 3739 est
177 3684 318 3743 creatum
346 3678 445 3744 animi
474 3675 643 3742 excolendi
673 3695 772 3739 causa
800 3682 832 3739 et
858 3682 893 3739 ut
912 3676 1116 3758 exprimeret,
1141 3674 1304 3756 quomodo
1321 3676 1429 3740 animo
1478 3716 1480 3721 ·

100 3780 220 3848 adlecti
249 3805 402 3852 essemus.
432 3785 501 3852 Nos
531 3803 604 3848 vero
633 3783 675 3847 ad
703 3783 857 3847 iustitiam
887 3798 980 3847 natos
1008 3801 1079 3846 esse
1117 3795 1167 3847 en-¹
1186 3781 1349 3847 hominum
1378 3803 1431 3848 so-

101 3887 218 3956 cietate
250 3901 282 3958 et
313 3894 539 3958 coniunctione
572 3889 685 3955 Cicero
724 3889 851 3955 efficere
883 3888 1001 3956 studet.
1031 3888 1119 3955 Nibll
1148 3908 1219 3954 esse
1248 3910 1345 3954 uirium
1375 3889 1432 3955 uni

101 4004 167 4060 tam
204 4002 317 4084 simile,
355 4008 419 4066 tam
457 4020 525 4083 par,
564 4016 661 4079 quam
695 4016 807 4062 omnes
835 3999 918 4060 inter
946 3998 1188 4079 nosmetipsos
1217 4016 1288 4061 esse
1329 3998 1431 4064 Dissi-

100 4105 291 4173 militudinls
332 4115 364 4173 et
404 4107 640 4174 inconstantiae
667 4106 750 4169 inter
784 4103 929 4169 homines
950 4103 1137 4168 Ciceronem
1158 4122 1273 4169 caussas
1292 4104 1434 4169 tribuere

101 4211 300 4295 depravatae
341 4208 578 4280 consuetudini.
622 4213 822 4277 Postremum
864 4218 970 4276 autem
1003 4212 1076 4275 huic
1105 4213 1274 4276 continens
1303 4219 1335 4276 ct
1362 4211 1432 4276 adi·

101 4328 232 4388 uinctum
260 4329 483 4405 argumentum
513 4319 599 4403 qnod
641 4321 754 4403 incipit
795 4319 844 4383 his
873 4319 993 4383 verbis:
1030 4337 1113 4399 quae
1132 4325 1239 4383 autem
1260 4320 1348 4383 natio
1368 4340 1434 4383 non

101 4433 285 4496 comitatem
328 4451 392 4495 non
437 4429 667 4511 benignitatem
711 4446 728 4491 e
785 4446 816 4507 q.
860 4445 875 4490 s
929 4445 993 4491 non
1027 4427 1130 4490 sulunr
1167 4425 1202 4490 id
1234 4433 1369 4511 spectat,
1400 4432 1434 4490 ut

103 4538 263 4621 ostendat,
305 4536 547 4602 similitudinem
589 4534 751 4599 bominum
789 4535 872 4598 inter
904 4535 993 4616 ipsos
1020 4535 1052 4598 in
1082 4533 1177 4598 rectis
1205 4517 1297 4597 etin
1325 4535 1433 4616 pravi-

102 4645 222 4710 tatibus
262 4648 421 4728 insignem
465 4663 536 4708 csse
578 4648 610 4706 et
651 4661 708 4726 per
741 4660 853 4706 omnes
886 4641 1024 4724 populos
1052 4639 1154 4704 fusum
1185 4659 1256 4705 esse
1284 4642 1435 4704 virtutum

103 4772 246 4818 amorem
275 4760 306 4818 et
333 4753 482 4817 vitiorum
510 4751 795 4832 abominationem,
825 4747 884 4813 sed
913 4751 1010 4813 ctiam
1039 4767 1142 4831 genus
1169 4745 1345 4812 humanum
1370 4768 1435 4815 non
