3248 5190
1075 218 1080 228 1

1427 393 1470 463 21

138 611 171 675 in
199 606 291 673 libris
319 606 361 674 de
390 615 516 674 oratore
544 607 654 673 nullae
682 626 760 673 suae
787 613 896 692 partes
923 606 1056 687 fuerint;
1087 624 1170 690 quae
1198 611 1304 672 autem
1324 607 1373 674 his
1392 614 1472 676 tem·

138 717 273 802 poribus
311 717 475 799 scripserit
510 707 766 808 Ἀριστοτέλεια)
804 737 924 781 morem
963 716 1082 780 babere
1119 715 1151 778 in
1189 734 1252 796 quo
1295 702 1472 783 sermoita

138 825 310 889 inducatur
348 829 524 888 ceterorum
563 831 597 887 ut
629 843 729 906 penes
756 825 859 907 ipsum
889 827 931 888 sit
957 824 1170 908 principatum
1200 821 1351 905 quodque
1380 825 1471 889 Cice·

141 952 254 996 roncnr
284 933 316 994 iu
347 931 435 995 libris
452 930 504 999 ide
532 930 659 1013 finibus
690 931 721 994 in
760 930 962 996 Academicis
999 938 1032 995 et
1066 929 1099 995 in
1137 931 1227 994 libris
1259 930 1300 994 de
1337 932 1471 1015 legibus,

142 1042 264 1122 primas
293 1045 401 1102 tenere
429 1037 586 1121 videmus,
615 1058 679 1102 non
711 1044 759 1102 est
787 1057 918 1103 necesse
947 1039 1065 1106 dicere.
1102 1037 1266 1103 Ciceronis
1286 1037 1472 1121 opinionem

140 1145 182 1210 de
211 1146 382 1209 recentiori
418 1145 597 1210 Academia
615 1144 738 1226 deque
774 1144 943 1210 Carneade
982 1143 1152 1210 lectoribus
1187 1145 1331 1210 eiusdem
1362 1152 1470 1211 notam

141 1247 268 1334 fuisse,
295 1271 333 1316 eo
376 1250 522 1317 adducor
565 1259 598 1316 ut
626 1253 767 1334 credam,
798 1252 884 1334 quod
913 1253 1026 1318 Cicero
1055 1256 1088 1317 in
1116 1252 1205 1316 libris
1234 1251 1274 1317 de
1302 1253 1469 1335 republica

139 1358 342 1424 Carneadem
376 1372 487 1442 aperte
529 1359 705 1442 impugnat,
742 1359 793 1423 bic
834 1379 909 1426 vero
943 1360 1180 1431 contentionem
1211 1380 1282 1436 cum
1309 1360 1468 1425 Antiocho

140 1485 290 1532 recusare
332 1465 460 1531 videtur
496 1466 655 1549 simulque
690 1467 823 1551 indicat,
866 1486 901 1533 se
933 1467 1074 1533 maxima
1102 1487 1142 1532 ex
1169 1472 1260 1550 parte
1289 1487 1328 1531 ex
1357 1466 1472 1532 eadem

139 1574 265 1638 familia
294 1593 378 1657 esse,
408 1573 606 1638 Academica
634 1576 704 1638 eius
732 1579 838 1638 autem
867 1575 899 1639 in
928 1571 1030 1640 lucem
1060 1575 1186 1659 prolata
1214 1593 1294 1657 esse,
1324 1580 1356 1638 ut
1386 1580 1471 1639 recte

140 1679 346 1746 doctissimus
373 1680 633 1746 Reitzensteinus
662 1681 788 1762 conicit,
819 1681 884 1764 qui,
914 1682 1001 1764 quod
1031 1683 1143 1748 Cicero
1178 1680 1220 1746 ad
1257 1679 1470 1764 supplendum

141 1795 318 1852 extremum
361 1787 456 1852 huius
497 1788 570 1853 libri
611 1789 716 1854 locum
759 1809 823 1854 uon
863 1789 1085 1872 declaraverit,
1114 1808 1149 1854 se
1177 1809 1242 1853 non
1270 1788 1387 1853 Stoicis
1414 1786 1473 1852 sed

141 1895 265 1960 Socrati
308 1895 466 1978 assentiri,
510 1910 595 1961 recte
637 1895 713 1961 inde
752 1896 912 1962 deducere
947 1897 1082 1979 videtur,
1112 1897 1211 1960 libros
1240 1895 1280 1960 de
1308 1895 1473 1960 finibusa

143 2000 301 2068 Cicerone
342 2010 440 2068 antea
476 2003 582 2068 editos
622 2004 734 2070 fuisse.
779 2002 870 2080 Quae
908 2024 979 2068 cum
1009 2003 1226 2089 disputatione
1255 2002 1296 2067 de
1321 2003 1392 2067 iure
1420 2020 1473 2066 ne·
1569 2088 1573 2095 ἱ

140 2110 281 2175 cessario
312 2111 401 2194 tangi
431 2110 581 2194 oportuit,
613 2131 652 2176 ea
680 2130 752 2176 esse
778 2116 961 2179 retractata.
1000 2113 1114 2194 ltaque
1149 2109 1225 2192 quid
1260 2109 1372 2175 Cicero
1403 2129 1470 2174 sen·

138 2216 227 2299 serit,
256 2237 296 2282 ex
312 2217 396 2282 aliis
425 2215 576 2300 operibus
594 2219 714 2302 populo
735 2218 912 2283 innotuisse
939 2237 1072 2284 necesse
1100 2225 1159 2284 est.
1198 2217 1240 2281 At
1260 2216 1376 2281 dixerit
1408 2212 1467 2283 for·

139 2330 228 2388 tasse
257 2324 416 2408 quispiam
447 2324 634 2390 Ciceronem
664 2325 709 2389 ita
737 2325 825 2408 loqui
854 2346 892 2391 ac
924 2326 950 2391 si
980 2346 1019 2391 ea
1047 2345 1146 2409 opera
1178 2324 1322 2389 nondum
1352 2323 1473 2406 scripta

140 2437 251 2495 essent
286 2433 433 2497 Aetatem
474 2432 547 2496 libri
585 2433 679 2515 primi
717 2432 758 2498 de
796 2433 921 2515 legibus
954 2454 973 2498 a
1002 2433 1159 2499 Cicerone
1196 2438 1271 2496 ante
1300 2431 1471 2514 ascriptam

140 2557 214 2602 esse
256 2558 389 2604 necesse
431 2558 502 2604 esse
544 2540 697 2622 opinione
739 2539 915 2606 doctissimi
952 2538 1195 2606 Reitzensteini.
1240 2537 1389 2615 Quodsi
1419 2537 1468 2602 cui

139 2645 245 2728 primo
284 2646 396 2711 obtutu
434 2646 546 2710 mirum
586 2646 743 2731 videatur,
782 2648 854 2712 libri
883 2648 952 2713 eius
980 2648 1021 2713 de
1049 2647 1248 2712 divinatione
1277 2645 1470 2710 documento

139 2754 217 2818 sint.
260 2753 374 2818 Mirum
415 2747 449 2818 in
492 2753 622 2819 modum
664 2775 735 2820 cum
778 2774 816 2820 eo
858 2755 947 2821 locus
990 2755 1030 2821 de
1058 2755 1211 2837 aruspiciis
1237 2749 1310 2820 libri
1339 2750 1473 2816 secundi

139 2858 161 2944 g
190 2860 230 2924 31
262 2861 461 2942 ffeongruit
512 2861 683 2926 Contentio
713 2882 867 2945 augurum
906 2862 1002 2946 Appii
1032 2869 1063 2926 et
1091 2859 1232 2927 Marcelli
1261 2858 1374 2925 iisdem
1405 2854 1472 2925 fere

138 2966 248 3030 verbis
290 2974 558 3034 commemoratur
599 2969 631 3033 in
669 2969 751 3034 libro
780 2969 811 3032 II
840 2968 880 3033 de
908 2970 1035 3053 legibus
1063 2970 1106 3034 32
1135 2976 1168 3032 et
1193 2968 1225 3032 Il
1255 2968 1295 3033 75
1325 2966 1366 3030 de
1395 2965 1472 3028 divi-

138 3073 285 3138 natione.
315 3075 356 3138 ut
384 3075 486 3158 primo
516 3083 548 3144 et
575 3075 717 3140 secundo
747 3077 951 3141 continuatur
979 3082 1010 3141 et
1037 3075 1179 3158 iungitur
1211 3074 1298 3138 iussu
1336 3074 1467 3154 ariguris

143 3188 151 3254 t
160 3180 200 3244 Ti
230 3176 363 3276 Cracbi)
393 3183 475 3249 duos
503 3184 652 3249 consules
680 3183 875 3266 (Scipionem
905 3182 1113 3268 strigulmn)
1144 3181 1362 3264 magistratum
1379 3199 1471 3244 suum

140 3287 343 3371 deposuisse.
386 3290 502 3355 Totum
545 3289 698 3355 iudicium
727 3291 813 3356 illius
847 3290 1061 3356 contentionis
1093 3290 1222 3374 penitus
1249 3296 1298 3353 est
1325 3287 1472 3369 aequale.

141 3395 224 3460 Cum
254 3395 366 3461 Cicero
397 3397 438 3461 de
465 3398 592 3481 legibus
620 3398 652 3462 ΙΙ
680 3399 722 3463 32
752 3398 985 3483 expositionem
1014 3399 1060 3463 sic
1094 3397 1219 3481 incipit:
1241 3395 1471 3461 divinationem

139 3522 238 3585 quam
277 3502 392 3568 Graeci
430 3501 596 3597 μαντικὴν
624 3505 801 3591 appellant,
832 3525 903 3570 esse
939 3505 1146 3590 senti03bulc
1173 3505 1270 3588 plane
1297 3500 1472 3585 respondet

140 3609 266 3673 initium
309 3610 382 3674 libri
423 3611 517 3695 primi
561 3611 602 3676 de
631 3611 846 3678 divinatione:
875 3619 968 3678 vetus
996 3612 1105 3696 opinio
1134 3618 1183 3676 est
1210 3611 1273 3675 iam
1303 3629 1403 3690 usque
1431 3608 1471 3672 ab

139 3716 281 3781 heroicis
309 3716 406 3783 ducta
433 3720 643 3803 temporibus,
674 3739 778 3801 eaque
806 3732 838 3784 et
864 3719 975 3804 populi
1002 3718 1140 3784 Romani
1169 3723 1201 3783 et
1233 3717 1373 3783 omniurn
1394 3736 1471 3798 geu·

139 3824 227 3888 tium·
247 3824 373 3890 firmata
400 3846 569 3912 consensu,
599 3828 719 3892 versari
748 3825 910 3908 ‹pirandam
940 3826 1026 3893 inter
1053 3825 1200 3890 homines
1229 3818 1469 3903 divinationem,

140 3950 237 4013 quam
258 3916 394 3998 'Graeci
427 3931 592 4026 μαντικὴν
627 3934 827 4017 appellant“.
861 3934 898 3998 In
936 3938 1071 4015 utroque
1111 3952 1209 4016 opere
1238 3931 1352 3996 eodem
1381 3950 1471 4013 argu·

140 4044 250 4103 mento
280 4039 392 4105 utitur:
423 4040 463 4105 de
491 4042 554 4124 leg.
585 4041 617 4104 ll
645 4042 688 4106 32
716 4041 742 4105 si
759 4041 844 4105 enim
873 4039 952 4107 deos
968 4060 1038 4105 esse
1058 4039 1276 4119 concedimus,
1297 4057 1472 4118 eorumque
1508 4108 1512 4114 ,

140 4152 249 4210 mente
278 4145 429 4211 mundum
459 4149 526 4228 regi
555 4155 587 4212 et
615 4143 746 4212 eos'dem
775 4147 939 4213 bominum
968 4147 1139 4214 consulere
1174 4146 1285 4229 generi
1314 4151 1346 4208 et
1373 4146 1494 4227 posse'

140 4245 236 4317 uobis
272 4253 365 4336 signa
406 4275 509 4318 rerum
553 4255 726 4320 futurarum
771 4254 950 4336 ostendere,
989 4275 1053 4319 non
1083 4253 1177 4319 video
1207 4271 1360 4317 curasse
1390 4250 1471 4315 divi·

139 4359 305 4425 nationem
334 4380 463 4444 negem,
492 4363 537 4426 ita
557 4361 597 4426 de
627 4361 690 4426 div.
720 4362 734 4425 Ι
769 4365 807 4427 10
836 4362 912 4426 milri
940 4382 1015 4426 vero
1044 4361 1123 4427 satis
1152 4367 1200 4424 est
1227 4358 1408 4441 argumenti
1442 4365 1474 4423 et

140 4487 213 4533 esse
252 4467 332 4533 deos
369 4478 401 4533 et
438 4488 494 4534 eos
532 4470 699 4534 consulere
727 4470 822 4534 rebus
850 4470 998 4534 bumanis
1041 4469 1076 4533 In
1106 4475 1241 4550 utroque
1270 4486 1368 4550 opere
1397 4486 1470 4530 con-

138 4594 271 4653 sensum
300 4578 441 4658 gentium
472 4583 585 4642 testem
615 4577 717 4640 affert.
748 4577 849 4641 Multa
877 4575 1030 4660 aruspicia,
1067 4576 1166 4640 multa
1199 4575 1335 4657 auguria
1362 4574 1470 4655 negle-

139 4682 254 4765 gentia
294 4683 423 4766 collegii
462 4685 581 4750 amissa
622 4685 720 4768 plane
762 4691 794 4749 et
826 4682 952 4749 deserta
989 4702 1060 4749 esse
1088 4693 1122 4748 ut
1150 4682 1230 4748 Cato
1259 4682 1314 4748 ille
1333 4679 1472 4765 sapiens
