3248 5190
1404 478 1425 551 c

94 705 154 770 viri
195 703 283 770 docti
324 687 566 789 perspexerunt,
607 700 795 772 Ciceronem
824 724 906 790 opus
934 703 975 770 de
1003 703 1130 786 legibus
1157 723 1198 769 ne
1227 701 1266 768 iis
1295 701 1424 786 quidem
1502 748 1505 759 ,

92 814 173 878 locis
202 832 465 895 commemorare,
495 813 549 878 ubi
579 813 698 879 mentio
728 814 797 879 eius
825 814 1009 897 neccssaria
1036 812 1199 878 videretur
1216 810 1280 893 (Cf.
1298 806 1423 877 dedic.
1551 820 1554 824 ’

92 923 124 985 ΙΙ
169 913 227 1013 l.).
258 920 334 985 Veri
363 921 559 985 simillimum
603 929 651 986 est
694 922 882 987 Ciceronem
911 928 946 985 ut
974 921 1015 986 de
1048 920 1214 1005 republica
1241 920 1287 985 ita
1316 919 1356 984 de
1384 919 1427 983 le-

92 1029 187 1110 gibus
215 1047 273 1092 sex
300 1027 399 1093 libros
428 1029 647 1113 composuisse
677 1028 742 1118 (Cl.
773 1029 915 1095 Macrob.
944 1035 1004 1095 sat.
1036 1030 1067 1103 6,
1097 1030 1129 1095 4.
1161 1028 1180 1094 8
1228 1027 1363 1110 „Cicero
1392 1027 1425 1091 in

95 1136 206 1218 quinto
237 1134 277 1199 de
306 1130 485 1228 legibus“).
518 1135 569 1201 Ad
597 1156 657 1202 nos
686 1144 750 1202 tres
780 1144 995 1221 pervenerunt
1021 1136 1110 1218 iique
1137 1156 1203 1201 non
1232 1136 1348 1217 integri
1368 1134 1426 1200 sed

92 1242 253 1308 erroribus
273 1238 476 1308 librariorum
497 1243 637 1328 corrupti
659 1252 743 1310 sunt.
774 1246 847 1310 Mea
875 1242 1004 1326 quidem
1026 1244 1186 1308 sententia
1205 1243 1287 1308 liber
1306 1243 1428 1326 primus

94 1358 242 1415 naturam
280 1349 384 1434 ipsam
424 1351 501 1416 iuris
538 1351 709 1434 fontesque
747 1370 914 1437 exponens
951 1351 1070 1417 ceteris
1112 1351 1233 1416 maiore
1275 1371 1346 1416 cum
1375 1350 1427 1414 in·

81 1458 216 1522 dustria
239 1478 260 1521 a
302 1456 459 1523 Cicerone
501 1458 701 1542 conscriptus
743 1467 802 1544 est,
847 1458 1007 1526 secundus
1044 1458 1102 1541 ius,
1142 1478 1235 1524 sacra
1262 1465 1427 1539 totamque

92 1565 283 1647 religionem
321 1571 496 1648 pertractat
538 1573 635 1649 atque
677 1587 858 1633 sermonem
901 1567 1007 1648 legum
1042 1567 1244 1649 antiquarum
1273 1566 1426 1649 imitatur,

93 1673 205 1737 tertius
248 1671 289 1736 dc
327 1672 580 1755 magistratibus,
625 1674 665 1740 de
707 1695 817 1740 eorum
859 1675 1041 1757 generibus,
1084 1680 1269 1757 potestate.
1291 1672 1426 1756 imperio

93 1782 170 1861 agit,
202 1786 332 1861 quartus
361 1787 431 1845 erat
458 1788 493 1845 nt
520 1778 578 1848 viri
609 1781 695 1847 docti
724 1788 838 1866 putant
867 1782 908 1846 de
926 1777 1078 1866 iudiciis,
1119 1782 1247 1864 quintus
1267 1788 1299 1844 et
1317 1786 1427 1846 sextus

95 1887 136 1951 ad
166 1906 226 1952 nos
254 1906 317 1951 non
346 1896 573 1970 pervenerunt.
603 1883 794 1972 Priusquam
823 1888 865 1955 ad
895 1896 1021 1973 tempus
1050 1909 1112 1971 quo
1142 1908 1223 1972 opus
1261 1887 1427 1953 Ciceronis
1486 1932 1490 1939 ι
1542 1947 1553 1954 .
1613 1882 1618 1891 ’

95 1993 136 2059 de
179 1993 305 2076 legibus
342 1996 557 2080 conscriptum
600 1997 644 2065 sit.
682 2003 854 2080 transeam,
884 1997 981 2062 liceat
1009 1996 1085 2061 mibi
1114 1996 1220 2062 varias
1248 1995 1427 2061 sententias

95 2101 234 2166 virorum
278 2101 444 2167 doctorum
487 2102 528 2168 de
562 2104 621 2170 bac
651 2125 684 2169 re
712 2104 745 2170 in
774 2104 915 2170 medium
944 2103 1097 2188 proferre.
1129 2105 1346 2183 Drumannus,
1376 2103 1427 2168 vii*

94 2208 238 2292 perfecto
287 2209 449 2293 planeque
491 2211 635 2277 eruditus
677 2211 764 2296 dicit,
808 2211 997 2277 Ciceronem
1031 2210 1073 2276 ad
1114 2211 1175 2276 boc
1210 2229 1290 2293 opus
1319 2209 1426 2274 statim

93 2335 179 2382 3333
207 2317 249 2383 51
279 2317 414 2398 aggredi
444 2319 587 2401 potuisse
616 2340 687 2384 cum
717 2340 755 2385 eo
785 2326 929 2403 tempore
957 2339 1018 2384 nec
1045 2318 1270 2385 iurisdictione
1289 2337 1349 2383 nec
1368 2314 1424 2381 ad·

93 2423 329 2489 ministratione
358 2423 516 2491 distentus
545 2433 630 2492 essct
658 2427 926 2509 verisimiliusque
955 2445 1027 2492 essc
1059 2427 1159 2492 libros
1179 2425 1220 2490 de
1238 2425 1366 2508 legibus
1387 2445 1426 2489 eo

93 2539 217 2596 mortuo
261 2530 389 2596 demum
432 2552 503 2598 esse
546 2535 727 2618 publicatos
771 2527 979 2627 (Ceschicbte
1020 2528 1131 2599 Rom’s
1172 2532 1216 2597 Vl
1257 2554 1290 2616 p.
1332 2529 1426 2618 105).

93 2639 211 2704 Libros
248 2637 289 2704 de
326 2638 453 2721 legibus
491 2659 576 2723 quos
604 2641 773 2708 inchoatos
802 2661 873 2707 esse
902 2643 998 2706 etiam
1026 2661 1112 2707 nunc
1140 2647 1310 2724 appareat,
1340 2640 1428 2705 Cice·

92 2765 202 2811 nonem
234 2745 370 2812 fortasse
399 2767 562 2831 nunqnam
579 2748 735 2815 ,edidisse
764 2748 926 2815 Corradus
953 2748 1076 2832 primus
1106 2747 1196 2813 dixit.
1218 2746 1301 2814 CF
1333 2745 1427 2812 Feld·

93 2852 262 2935 lruegelius
302 2853 336 2918 in
379 2855 541 2922 volumine
583 2858 608 2922 Ι.
647 2879 680 2941 p.
709 2856 819 2922 XXVI
847 2857 1039 2921 sententiam
1068 2855 1190 2939 profert
1222 2874 1424 2935 „sermonem

93 2981 159 3025 non
204 2960 300 3051 modo
342 2961 497 3045 habitum,
540 2963 598 3029 sed
641 2964 737 3029 etiam
766 2964 918 3047 scriptum
947 2983 1018 3028 esse
1046 2963 1130 3028 inter
1159 2983 1277 3028 annum
1305 2952 1424 3052 bisol,

88 3073 267 3149 ‘antequam
310 3067 342 3134 in
385 3069 582 3153 provinciam
626 3062 802 3165 (Ciliciam)
846 3071 1101 3156 proficisceretur
1128 3089 1188 3135 nec
1226 3077 1333 3134 tamen
1372 3075 1427 3134 aut

97 3175 281 3240 absolutum
310 3182 366 3241 aut
394 3177 514 3242 editum
543 3199 614 3244 esse
644 3200 739 3262 quam
769 3178 960 3245 sententiam
990 3178 1158 3263 Adolpbus
1187 3177 1229 3243 du
1258 3178 1373 3242 Mesnil
1393 3176 1425 3241 in

95 3282 239 3347 editione
280 3303 339 3348 sua
382 3283 483 3370 (1819
526 3308 557 3370 p.
601 3279 630 3381 Ι)
660 3287 809 3371 probavit
838 3293 869 3352 et
897 3286 1098 3351 confirmavit
1116 3306 1181 3351 non
1201 3304 1272 3350 esse
1293 3284 1424 3349 dubium

93 3389 170 3472 quin
200 3388 313 3456 Cicero
343 3411 424 3475 opus
453 3393 493 3457 de
522 3393 649 3478 legibus
677 3402 711 3459 nt
739 3394 829 3478 operi
858 3393 899 3458 dc
928 3393 1094 3477 republica
1130 3393 1350 3458 continuatum
1381 3391 1427 3457 ita

93 3503 167 3581 post
195 3495 256 3562 boc
284 3498 388 3582 ipsum
417 3499 500 3565 inter
528 3521 671 3567 mensem
700 3503 842 3589 Aprilem
872 3507 904 3566 et
931 3500 1050 3566 Maium
1079 3500 1156 3566 anni
1185 3501 1228 3566 52
1255 3507 1286 3565 et
1306 3498 1425 3564 Maium

93 3603 171 3669 anni
200 3607 240 3672 bl
275 3606 516 3690 conscripserit.

72 3722 74 3727 “
201 3711 324 3778 Bakius
352 3714 474 3798 primus
503 3715 580 3780 viris
608 3711 712 3782 doctis
738 3715 963 3780 demonstrare
1000 3714 1137 3792 videtur,
1182 3713 1281 3779 libros
1314 3712 1355 3777 de
1384 3713 1425 3776 le-

93 3817 189 3902 gibus
217 3838 237 3883 a
266 3819 423 3886 Cicerone
451 3843 514 3887 nou
545 3829 668 3888 tantum
696 3841 765 3890 non
795 3841 866 3888 esse
893 3822 1072 3903 absolutos,
1101 3820 1159 3886 sed
1189 3840 1230 3886 ne
1248 3820 1426 3904 perpolitcs

94 3923 224 4007 quidem
253 3934 309 3992 aut
337 3929 536 3995 emendatos.

199 4035 283 4099 Ante
321 4036 429 4102 omnia
462 4026 678 4120 inaequalitas
711 4037 909 4120 singularum
944 4036 1080 4120 partium
1111 4056 1149 4100 ac
1176 4035 1423 4119 sententiarum,

92 4139 175 4204 alias
204 4142 336 4226 copiose
365 4151 397 4208 ct
423 4163 495 4208 cum
524 4144 690 4211 doetrinae
709 4150 879 4229 apparatu,
900 4144 981 4209 alias
1000 4165 1065 4208 non
1086 4143 1191 4207 minus
1207 4142 1426 4227 explicatione

91 4245 315 4330 indigentibus
346 4287 382 4297 —
415 4271 478 4316 unc
509 4254 606 4318 verbo
636 4252 816 4336 profligatis
847 4290 882 4299 -
908 4251 1083 4317 'confirmat
1111 4250 1209 4316 libros
1238 4248 1279 4315 de
1299 4250 1426 4332 legibus

94 4373 160 4419 non
189 4375 261 4421 esse
289 4357 467 4444 absolutos,
497 4360 584 4440 quod
601 4360 752 4424 'maxime
781 4359 813 4424 in
843 4359 970 4441 legibus
997 4357 1250 4442 interpretandis
1287 4357 1428 4422 cernitur

93 4462 169 4544 (leg.
208 4464 338 4549 11,⁴3t
375 4464 438 4530 iarn
480 4503 516 4513 -
557 4473 651 4550 puto;
689 4467 732 4550 11,
775 4469 815 4532 41
853 4466 894 4531 de
923 4465 1094 4549 diligentia
1122 4503 1171 4512 —
1202 4472 1264 4549 est3
1293 4466 1352 4539 ΙΙΙ,
1383 4466 1427 4530 40

92 4564 222 4635 Deinde
253 4609 286 4619 -
321 4580 448 4637 senatu
477 4580 549 4657 post
591 4581 782 4656 argumenta
820 4574 933 4639 Cicero
975 4572 1017 4637 ad
1056 4571 1144 4638 aliud
1173 4580 1270 4656 capnt
1297 4573 1426 4656 transit3

92 4676 170 4741 item
199 4678 250 4744 Ill
288 4681 331 4744 43
360 4679 441 4745 Sunt
469 4680 588 4745 deinde
619 4719 655 4728 -
687 4680 860 4747 audiendis
899 4687 930 4745 et
958 4681 1006 4745 ΙΙΙ
1033 4681 1077 4746 46
1106 4679 1250 4761 sequitur
1279 4718 1327 4726 —
1358 4701 1425 4744 am·

10 4802 13 4809 ·
94 4783 174 4855 bitu.
204 4784 271 4859 Sed
298 4786 394 4860 Bakii
422 4788 583 4861 sententia
611 4785 742 4863 maioris
771 4789 923 4864 momenti
953 4807 1023 4855 essc
1051 4787 1118 4855 alia
1149 4786 1310 4883 quaedam
1348 4807 1424 4866 cou-
