3248 5190
1429 413 1528 479 23-

139 623 337 710 reipublicae
380 622 503 690 hostem
544 631 576 691 et
611 623 775 691 inimicum
819 622 985 691 Ciceronis
1017 624 1276 690 Reitzensteinus
1303 625 1345 690 M.
1376 625 1473 692 Anto-

139 737 226 801 nium
256 733 403 814 intellegi
433 734 512 815 uult,
543 733 583 797 de
612 753 675 815 quo
704 732 736 797 in
766 733 911 798 oratione
939 730 1121 815 Philippica
1148 730 1291 796 secunda
1311 730 1342 818 (ἓ
1368 731 1472 808 1--2t

140 850 172 908 et
201 842 331 923 saepius
375 839 492 905 dictum
538 841 595 906 sit:
635 860 699 904 non
730 838 925 904 existimavit
952 840 1001 904 sni
1030 839 1188 903 similibus
1216 839 1345 922 probari
1375 860 1472 924 posse

140 971 176 1015 se
218 967 291 1011 esse
332 947 454 1011 hostem
495 948 631 1030 patriae,
676 946 737 1010 nisi
779 945 856 1010 mihi
895 954 982 1011 esset
1022 946 1181 1012 inimicus.
1225 946 1305 1010 Item
1339 947 1401 1012 loci
1432 968 1473 1012 ex
1576 1026 1608 1043 ,κ

141 1055 342 1122 orationibus
370 1055 560 1138 Philippicis
588 1053 679 1118 allati
709 1053 896 1118 Ciceronem
924 1054 957 1118 in
987 1054 1093 1118 animo
1123 1053 1275 1117 bobuisse
1304 1053 1345 1118 M.
1369 1055 1471 1119 Anto-

140 1165 239 1238 nium,
272 1161 415 1225 intimum
447 1160 563 1226 Clodio
593 1162 624 1224 in
655 1160 815 1225 tribunatu
845 1160 1085 1225 Reitzensteiuo
1104 1160 1199 1223 fidem
1221 1159 1355 1243 faciunt,
1378 1182 1472 1243 quem

140 1271 263 1336 diceret
306 1255 456 1333 Caesaris
498 1269 628 1333 interitu
671 1287 781 1332 omnes
823 1268 922 1333 animi
964 1268 1123 1332 cruciatus
1159 1275 1290 1351 propter
1317 1269 1472 1334 scelerum

139 1375 372 1443 conscientiam
401 1395 589 1458 perpessum
619 1394 690 1439 esse
719 1374 816 1461 (Phil.
846 1375 891 1455 ll,
920 1369 991 1464 88),
1020 1374 1220 1458 perterritum
1266 1374 1306 1438 de
1350 1394 1472 1440 sommo

140 1484 287 1566 excitari,
318 1482 424 1546 furere
466 1502 564 1566 saepe
594 1483 779 1564 vigilantem
810 1482 905 1566 (Phil.
935 1482 975 1562 ll,
1006 1483 1072 1564 68),
1098 1480 1211 1545 eodem
1232 1501 1353 1564 angore
1371 1483 1475 1548 Roma

140 1589 323 1676 profugisse
367 1589 464 1674 (Phil.
511 1590 558 1653 111
600 1581 667 1681 24),
716 1588 836 1653 iudicia
864 1608 1079 1672 corrumpere,
1109 1609 1172 1653 non
1202 1596 1343 1654 metuere
1372 1589 1471 1673 (Phil.
1572 1648 1586 1677 ,¹

141 1700 174 1763 II
207 1698 295 1781 116),
339 1686 442 1761 cuius
471 1697 632 1762 interitum
676 1716 769 1778 quem
809 1695 922 1761 Cicero
960 1704 1068 1779 speret
1096 1715 1207 1760 omncs
1236 1697 1322 1761 cives
1350 1697 1471 1779 gaudio

141 1805 341 1870 effecturum.
371 1803 485 1886 Neque
513 1803 593 1868 illud
635 1803 800 1867 Ciceronis
841 1803 1093 1868 facinorosorum
1132 1804 1262 1868 exitium
1292 1811 1323 1868 et
1350 1804 1470 1869 iudicio

143 1915 288 1977 vivorum
318 1918 348 1974 et
375 1911 496 1993 gaudio
526 1911 726 1994 comprobari
756 1909 996 1975 Reitzensteino
1034 1911 1125 1993 parvi
1154 1912 1296 1975 nomenti
1325 1931 1396 1976 esse
1424 1913 1471 1976 vi-

144 2020 248 2102 detur,
291 2038 360 2082 cum
405 2019 491 2082 idem
534 2018 621 2083 dicat
651 2018 719 2082 Phil
763 2018 864 2083 135:
896 2019 1008 2082 beatus
1037 2025 1219 2098 esthemo,
1251 2019 1303 2099 qni
1334 2020 1472 2101 eelege

130 2126 233 2207 uiuit,
263 2131 297 2190 ut
325 2146 389 2190 nen
419 2125 516 2190 modo
545 2127 676 2209 impune
704 2125 762 2189 sed
782 2126 877 2190 etiam
898 2145 967 2189 cum
987 2145 1112 2190 summa
1137 2121 1350 2192 interfectoris
1369 2126 1473 2208 gloria

138 2233 275 2298 interfici
304 2232 416 2316 possit.

249 2339 321 2416 Qua
350 2339 556 2405 distinctione
595 2337 675 2419 legis
709 2338 847 2420 scriptae
885 2348 916 2402 et
948 2338 1025 2402 iuris
1052 2344 1187 2421 naturae
1216 2337 1248 2403 in
1278 2339 1358 2403 libro
1387 2339 1402 2404 I
1434 2341 1473 2404 18

144 2454 176 2511 et
213 2446 244 2511 Il
283 2448 302 2511 8
340 2446 381 2510 de
419 2447 546 2529 legibus
583 2445 689 2528 utitur,
720 2446 855 2510 eundem
886 2445 962 2510 facit
989 2445 1022 2509 in
1050 2445 1122 2509 Phil
1162 2446 1280 2511 11128
1309 2454 1358 2510 est
1386 2447 1471 2511 enim

140 2556 194 2619 lex
222 2550 302 2618 nihil
332 2554 420 2619 aliud
449 2554 510 2619 nisi
539 2561 627 2618 recta
655 2567 687 2616 et
714 2573 733 2617 a
761 2553 892 2617 numine
921 2552 1052 2617 deorum
1081 2559 1184 2617 tracta
1199 2554 1293 2636 ratio,
1312 2554 1474 2636 imperans

140 2662 290 2744 honesta,
311 2661 487 2744 prohibens
514 2660 685 2726 contraria.
716 2660 821 2725 Etiam
850 2660 882 2724 in
912 2659 993 2726 Phil.
1024 2660 1044 2738 l
1068 2668 1099 2724 et
1125 2660 1206 2724 Xlll
1239 2661 1474 2741 cognoscendis

139 2769 267 2852 legibus
297 2768 487 2834 Ciceronem
516 2752 672 2834 intentum
702 2787 773 2832 esse
792 2767 940 2849 legimus.
962 2766 1107 2832 Servium
1128 2767 1303 2850 Sulpicium
1324 2768 1473 2833 laudibus

141 2875 280 2940 efferens
309 2895 413 2957 neque
442 2876 608 2946 instituere
637 2874 738 2939 litium
768 2875 912 2939 actiones
944 2875 1107 2958 maluisse,
1125 2894 1219 2955 quam
1240 2877 1475 2940 controversias

141 2984 258 3048 tollere
302 2982 390 3070 dicit,
434 2982 521 3065 quod
563 2981 818 3046 Reitzensteinus
851 2980 974 3046 confert
1003 3001 1074 3046 cum
1102 2980 1208 3045 verbis
1238 2981 1278 3046 de
1307 2982 1474 3064 legibusl

143 3093 200 3156 17:
230 3089 336 3173 potius
364 3091 524 3172 ignoratio
553 3089 631 3154 iuris
660 3089 802 3170 litigiosa
831 3097 879 3153 est
907 3108 1003 3171 quam
1031 3088 1205 3153 seientia“.
1235 3089 1364 3153 Scilicet
1384 3090 1472 3154 locos

140 3219 182 3262 ox
212 3197 410 3262 orationibus
438 3197 627 3280 Philippicis
656 3217 676 3260 a
702 3195 942 3261 Reitzensteino
972 3196 1099 3260 adlatos
1127 3217 1190 3260 non
1220 3201 1341 3261 tantam
1357 3196 1418 3261 vim
1440 3197 1473 3262 in

139 3324 214 3369 sese
248 3303 378 3389 habere,
418 3311 461 3368 ut·
485 3324 565 3387 opus
600 3303 640 3368 de
668 3304 794 3382 legibus
822 3323 841 3367 a
871 3303 1027 3368 Cicerone
1054 3303 1125 3387 ipso
1154 3304 1346 3384 completum
1376 3310 1472 3386 atque

142 3433 182 3476 co
200 3419 343 3494 tempore
360 3431 431 3476 esse
446 3411 579 3493 editum,
601 3430 663 3492 quo
680 3410 842 3475 orationes
861 3407 1062 3494 Philippicae
1090 3410 1220 3474 habitae
1235 3419 1351 3494 essent,
1371 3413 1468 3495 plane

143 3518 349 3603 confirment3
388 3526 421 3584 at
453 3519 565 3600 negari
603 3539 666 3582 non
696 3524 802 3601 potest
829 3517 1092 3582 verisimillimum
1123 3536 1205 3602 esse,
1234 3518 1333 3583 libros
1362 3518 1402 3582 (16
1430 3520 1472 3583 le-

140 3627 240 3708 gibus
279 3626 332 3706 qui
374 3646 475 3708 usque
517 3625 560 3691 ad
601 3644 731 3689 vernum
777 3633 903 3707 tempus
931 3625 1006 3689 anni
1035 3628 1079 3691 45
1107 3624 1139 3689 in
1170 3625 1335 3690 Ciceronis
1362 3625 1474 3690 forulis

141 3732 321 3816 imperfecti
351 3733 511 3818 latuerint,
555 3733 670 3816 poslea
704 3732 809 3797 denuo
839 3731 880 3795 all
909 3731 1138 3814 perficiendum
1167 3739 1333 3815 susceptos
1360 3733 1470 3801 fuisse.

251 3840 315 3905 Sed
360 3841 385 3904 si
408 3839 693 3924 'perpenderimus
735 3840 922 3905 Ciceronem
968 3838 1215 3921 hamlqoaquam
1244 3841 1313 3922 pari
1344 3839 1419 3904 odio
1441 3841 1473 3904 in

141 3947 316 4012 Antonium
361 3956 457 4029 alque
499 3948 530 4011 in
571 3947 753 4030 Catili-nam,
798 3945 957 4026 Clodium,
995 3946 1027 4010 in
1058 3946 1230 4012 Gabinium
1260 3953 1292 4011 et
1319 3946 1470 4012 Pisonem

140 4055 298 4136 flagrasse
327 4055 423 4119 immo
452 4054 633 4119 confessum
663 4074 733 4119 esse
763 4049 855 4144 (fam.
885 4055 959 4136 Xll,
996 4053 1045 4138 10)
1075 4074 1238 4135 uunquam
1269 4062 1356 4119 tanto
1395 4054 1471 4120 odio

141 4161 262 4226 civitati
307 4163 479 4227 Antonium
522 4161 621 4226 fnisse
663 4169 782 4243 quanto
817 4160 961 4245 Lepidus
991 4166 1084 4244 esset,
1114 4161 1201 4225 illum
1232 4162 1315 4228 enim
1345 4182 1385 4226 ex
1414 4170 1475 4226 tor·

142 4269 277 4335 bulenta
318 4269 492 4352 republica,
536 4269 619 4333 hunc
657 4288 695 4333 ex
733 4289 815 4352 pace
844 4275 875 4332 et
903 4270 1036 4332 victoria
1064 4269 1182 4333 bellum
1212 4269 1419 4354 excitavisse3
1447 4271 1475 4334 si

143 4375 263 4441 deinde
291 4375 555 4460 reputaverimus
587 4384 713 4440 exstare
741 4376 864 4440 litteras
889 4396 908 4440 a
928 4376 1083 4440 Cicerone
1104 4374 1145 4441 all
1166 4375 1339 4441 Antonium
1361 4377 1474 4442 missas

143 4483 258 4567 plenas
286 4484 416 4548 humani
446 4479 555 4550 officii.
586 4483 845 4565 benevolentiae,
866 4482 952 4548 haud
968 4482 1135 4548 credemus
1155 4483 1322 4548 consilium
1344 4503 1382 4549 eo
1403 4484 1474 4549 loco

141 4590 242 4655 fuisse
285 4591 415 4656 Antonii
458 4589 721 4674 perstringendi,¹
752 4610 815 4671 quo
853 4610 961 4655 eorum
1001 4590 1144 4654 meminit
1173 4592 1228 4673 qui
1256 4591 1317 4655 nisi
1347 4591 1475 4656 odisent

142 4697 292 4784 patriam,
322 4718 495 4781 numquam
524 4697 645 4763 inimici
675 4696 842 4763 Ciceronis
870 4697 1004 4763 fuissent
1032 4696 1085 4780 (de
1113 4698 1177 4781 leg.
1208 4698 1251 4783 ΙΙ,
1281 4695 1357 4785 42),
1392 4718 1473 4781 quos
