3248 5190
164 209 232 295 Ι22

189 436 348 514 queratur,
379 430 491 496 Cicero
520 429 561 494 de
590 427 789 497 divinatione
818 430 833 495 I
862 429 903 496 28
932 431 1008 496 ltem
1038 428 1078 495 de
1106 428 1233 513 legibus
1260 428 1291 493 II
1319 428 1361 494 33
1382 447 1522 494 commc-

192 544 315 604 morat:
359 537 416 602 sed
459 558 523 602 non
553 537 684 601 dubium
722 547 780 622 est,
815 539 890 621 quin
926 538 1006 603 haee
1035 537 1206 620 disciplina
1234 544 1332 601 etars
1360 555 1522 618 augurum

193 645 360 710 evanuerit
387 644 450 708 ianr
480 652 511 709 et
539 651 697 709 vetustate
725 653 757 710 et
785 646 1029 728 neglegentia“.
1061 646 1174 727 ltaque
1212 644 1323 709 Cicero
1357 643 1448 707 libris
1478 643 1520 707 de

192 751 391 817 divinatione
429 751 595 816 interiecto
639 752 779 818 Caesare
813 751 862 819 ll
895 753 970 836 posi
998 751 1074 816 Idus
1103 751 1233 816 Martias
1261 749 1418 815 absolutis
1447 770 1522 816 cen-

190 860 297 927 silium
341 859 465 941 cepisse
506 858 632 923 videtur
674 860 775 927 libros
810 859 851 924 de
880 859 1005 941 legibus
1034 859 1096 923 iam
1126 866 1222 923 autea
1259 857 1354 922 scribi
1383 864 1518 940 coeptos

189 969 353 1052 perlicere,
398 967 430 1030 iu
473 966 598 1048 quibus,
629 987 695 1031 nou
728 967 832 1050 potuit
868 967 948 1047 lieri,
979 967 1055 1048 quin
1083 966 1250 1047 nonnulla,
1281 983 1363 1046 quac
1392 954 1520 1048 ternpus

190 1075 292 1157 ipsum
336 1080 491 1157 posceret,
535 1072 699 1157 addenda,
743 1072 901 1156 quaedam
936 1084 1041 1137 autem
1080 1072 1220 1138 delenda
1247 1078 1403 1138 censeret.
1434 1072 1518 1137 Narn

189 1201 258 1246 curn
284 1181 400 1245 elocis
430 1181 482 1262 qui
500 1179 848 1264 deuuspiciisdegll.
867 1179 942 1260 31.)
972 1187 1003 1243 et
1031 1179 1084 1262 (de
1113 1179 1177 1247 div.
1208 1180 1239 1243 ll
1270 1182 1322 1259 dir)
1351 1177 1457 1260 deque
1475 1178 1524 1242 di.

190 1288 291 1352 versis
306 1286 473 1352 sententiis
488 1286 701 1369 augurnm'C.
733 1288 873 1352 Marcelli
890 1295 922 1351 ct
949 1288 1045 1371 Appii
1076 1286 1202 1352 Claudii
1231 1293 1321 1350 tanta
1348 1285 1520 1368 utrobique

188 1394 357 1460 consensio
387 1395 548 1458 elucescat
567 1402 601 1458 ut
628 1395 761 1459 alterum
791 1415 871 1478 opus
900 1395 1030 1459 alterius
1059 1415 1120 1477 epe
1153 1393 1331 1475 indiguisse
1359 1413 1424 1457 nen
1455 1413 1520 1458 arur·

191 1500 365 1584 bigcudum
408 1501 448 1565 sit
480 1538 515 1547 —
548 1521 617 1566 cum
661 1511 765 1566 antem
811 1499 924 1568 Cicero
967 1501 1007 1566 de
1050 1501 1114 1566 div.
1157 1502 1199 1580 Il,
1239 1505 1250 1564 l
1283 1499 1391 1565 omnia
1420 1520 1520 1583 opera
1598 1554 1601 1571 .

188 1608 422 1692 philosophica¹
455 1628 537 1689 quae
565 1628 667 1690 usque
695 1609 737 1673 ad
755 1609 787 1673 id
808 1616 933 1692 tempus
953 1609 1055 1674 lucem
1076 1614 1271 1692 aspexerunt
1290 1628 1347 1672 suo
1367 1627 1518 1689 quaeque

189 1716 305 1782 ordine
345 1722 511 1780 recenseat
547 1735 652 1797 neque
690 1716 842 1780 librorum
881 1715 921 1780 de
954 1716 1079 1798 legibus
1108 1715 1302 1780 mentionem
1330 1714 1439 1795 faeiat,
1471 1734 1518 1779 se-

189 1823 295 1905 quitur
323 1829 357 1886 ut
384 1821 552 1886 credamus
582 1823 770 1888 Ciceronem
799 1823 924 1888 tractati
953 1823 1015 1888 loci
1043 1822 1083 1887 de
1116 1822 1267 1906 auspiciis
1288 1833 1319 1886 et
1337 1821 1514 1903 auguribus

189 1950 361 1994 memorem
391 1929 504 1993 ecdem
534 1929 623 1994 sonte
651 1930 693 1994 ad
722 1930 838 1994 librum
866 1930 899 1994 ΙΙ
927 1928 967 1994 de
996 1931 1122 2013 legibus
1150 1928 1378 2014 perficiendum
1413 1936 1445 1993 et
1465 1948 1518 1993 au-
1575 1934 1578 1938 ’

187 2037 328 2119 gendum
364 2057 429 2101 non
467 2043 542 2101 ante
575 2057 664 2102 usum
704 2057 775 2102 esse
813 2058 908 2119 quam
941 2037 1040 2102 libros
1069 2036 1110 2101 de
1139 2036 1338 2101 divinatione
1367 2034 1517 2100 ediderit.
1599 2074 1602 2079 ·

188 2145 280 2222 Quae
323 2142 463 2225 denique
505 2143 545 2208 dc
580 2143 686 2209 Clodii
714 2146 940 2226 sociorumque
970 2145 1039 2210 eius
1068 2143 1143 2208 fatis
1171 2151 1333 2225 tamquam
1363 2140 1520 2226 proximis

187 2251 314 2316 casibus
357 2243 412 2342 (de
454 2251 517 2332 leg.
560 2252 593 2314 ΙΙ
634 2251 779 2332 41-42)
822 2251 1011 2334 referuntur,
1055 2251 1260 2316 definiendae
1298 2251 1394 2316 aetati
1425 2249 1519 2313 huius

189 2359 296 2442 operis
325 2378 388 2421 non
419 2377 530 2440 parum
559 2358 737 2423 inserviant
763 2378 896 2425 neccsse
925 2366 983 2425 est.
1022 2358 1095 2425 Nou
1124 2359 1352 2424 sceleratorum
1380 2375 1517 2439 quorum
1558 2376 1562 2385 ’

188 2472 295 2531 essent
336 2465 452 2548 plenae
495 2464 694 2548 tragoediae,
737 2465 796 2530 sed
838 2465 1034 2549 perditorum
1072 2466 1187 2530 civium
1231 2465 1386 2548 exemplis
1429 2483 1518 2546 usus,

188 2593 321 2656 quorum
364 2573 486 2636 scelere
529 2571 671 2638 discessu
715 2572 881 2639 Ciceronis
921 2573 995 2639 iura
1027 2572 1217 2654 religienum
1247 2573 1370 2656 polluta
1398 2577 1516 2652 essent,

187 2702 250 2745 uon
280 2685 385 2763 potest
413 2680 535 2763 negari,
565 2679 642 2762 quin
671 2679 891 2746 adversarium
921 2700 1013 2745 suurn
1041 2680 1228 2763 respexerit,
1268 2680 1322 2762 qui
1350 2699 1371 2743 a
1397 2677 1519 2741 Milone

188 2809 273 2853 anno
317 2787 360 2853 52
403 2785 590 2852 interiectus
632 2807 762 2869 gravem
806 2787 979 2872 impietatis
1011 2807 1150 2871 poenam
1179 2788 1276 2851 luisse
1304 2786 1391 2851 visus
1420 2791 1516 2850 esset.

188 2897 237 2959 lix
274 2894 335 2959 bac
372 2894 497 2959 ratione
530 2894 642 2959 meritc
672 2894 933 2960 contendendum
962 2901 1039 2977 puto
1067 2893 1136 2958 fieri
1164 2914 1228 2958 nou
1257 2893 1410 2976 potuisse,
1441 2890 1518 2973 quin

190 3002 272 3066 banc
314 3021 380 3064 rem
423 3002 556 3083 reliquis
596 3000 689 3066 huius
730 2997 803 3068 libri
846 3001 1006 3086 capitibus
1046 3001 1225 3068 inseruerit,
1270 2999 1471 3083 Exceptiene
1501 3019 1520 3063 a

190 3105 309 3186 Quinto
340 3107 425 3171 faeta
452 3129 516 3173 non
547 3127 658 3173 omues
686 3107 803 3192 impios
831 3127 955 3191 poenas
982 3104 1113 3173 sceleris
1142 3107 1271 3172 dedisse
1313 3107 1426 3172 Cicero
1456 3123 1519 3170 res-

190 3216 313 3299 pondet
354 3221 461 3278 tamen
504 3234 560 3280 eos
602 3215 717 3296 agitari
759 3221 856 3297 atque
897 3215 1047 3280 insectari
1089 3236 1154 3280 uon
1188 3215 1375 3279 ardentibus
1403 3211 1518 3294 taedis,

188 3323 272 3387 sieut
314 3321 345 3386 in
388 3320 517 3407 fabulis,
561 3341 642 3403 quos
683 3322 746 3386 iam
784 3342 878 3387 nemo
912 3322 1034 3403 credat,
1065 3321 1123 3386 sed
1152 3341 1273 3403 angore
1301 3303 1519 3385 eonscientiae

186 3429 376 3510 fraudisque
418 3431 559 3494 er·uciatu
614 3429 730 3494 Denuo
773 3429 806 3493 in
848 3425 930 3496 libro
960 3429 1001 3493 de
1030 3429 1155 3510 legibus
1183 3429 1215 3492 II
1243 3434 1262 3510 ξ
1291 3428 1333 3492 43
1362 3425 1520 3509 praebere

188 3539 341 3619 optimum
386 3537 568 3618 exemplum
611 3536 758 3601 omnibus
799 3542 909 3600 notum
946 3535 1204 3601 Reitzensteinus
1232 3542 1323 3619 putat
1352 3532 1520 3598 Ciceronis

187 3643 419 3710 adversarium:
471 3642 615 3708 Vidimus
658 3663 725 3727 eos,
770 3643 835 3726 qui,
876 3643 936 3708 nisi
981 3642 1126 3708 odissent
1167 3644 1315 3727 patriam,
1350 3659 1515 3722 uunquam

188 3752 308 3815 inimici
327 3748 421 3815 nobis
440 3749 585 3833 fuissent,
625 3749 769 3815 ardentis
807 3758 872 3815 tum
901 3749 1086 3833 eupiditate,
1117 3757 1181 3814 tum
1212 3758 1307 3831 metu,
1342 3756 1407 3812 turn
1438 3767 1516 3812 con·

186 3859 321 3923 scientia
350 3852 456 3946 (quid)
486 3857 564 3939 quid
592 3865 737 3939 agerent,
780 3857 876 3922 mede
906 3857 1057 3939 timentis,
1093 3857 1232 3921 vicissim
1271 3855 1520 3921 contemmentis

160 3966 370 4047 ‘religiones
418 3964 538 4029 iudicia
580 3972 732 4048 perrupta
773 3964 813 4028 ab
856 3963 968 4053 iisdem
1013 3965 1194 4047 corruptela
1240 3964 1404 4029 hominum
1452 3982 1519 4027 non

187 4073 332 4137 deorum.
376 4071 565 4154 Reprimere
607 4091 642 4136 se
685 4072 764 4136 dicit
799 4071 912 4136 Cicero
946 4091 1005 4135 nec
1033 4071 1161 4152 longius
1189 4071 1314 4152 insequi
1345 4069 1520 4135 eominus

187 4201 250 4263 quo
280 4180 351 4263 plus
380 4198 558 4260 poenarum
589 4178 708 4243 babeat
736 4198 832 4260 quam
861 4177 1018 4260 petiverit.
1056 4178 1194 4242 Tantum
1225 4181 1315 4261 ponit
1345 4174 1436 4242 brevi
1463 4175 1519 4240 du-

188 4287 305 4370 plieem
335 4305 474 4368 poenam
505 4305 577 4350 esse
607 4286 761 4367 divinam,
792 4284 879 4366 quod
908 4291 1033 4349 constet
1061 4292 1092 4349 et
1120 4306 1160 4349 ex
1187 4284 1346 4349 vexandis
1374 4285 1519 4348 vivorum

188 4395 303 4458 animis
333 4400 364 4457 et
392 4412 431 4456 ea
458 4393 545 4457 fama
575 4401 783 4476 mortuorum,
813 4398 847 4456 ut
875 4411 984 4456 eorum
1014 4392 1145 4456 exitium
1174 4400 1206 4456 et
1233 4391 1352 4456 iudicio
1375 4392 1519 4457 vivorum

188 4510 220 4569 et
255 4499 377 4584 gaudie
412 4499 649 4589 comprobetur.
688 4500 832 4565 Alterum
863 4499 948 4565 bunc
976 4505 1040 4564 tarn
1071 4499 1225 4565 offensum
1255 4506 1352 4581 atque
1380 4498 1520 4564 invisum
