3248 5190
1451 437 1471 524 b

137 663 241 754 ipsum
272 659 333 732 sibi
364 659 537 751 displicere
566 669 597 735 et
625 682 723 751 aegre
751 680 786 731 se
814 662 907 751 tueri,
936 663 1166 752 rempublicam
1202 681 1273 729 esse
1300 670 1471 755 perditam,

138 798 173 842 se
202 777 233 841 in
264 775 370 840 causis
398 781 521 841 tanturn
551 790 648 858 atque
677 792 780 858 opera
808 774 963 842 versarit.
1005 774 1148 839 Dolebat
1177 769 1290 839 Cicero
1320 783 1352 842 et
1378 776 1472 845 velnc-

138 891 263 949 menter
291 883 472 965 augebatur
499 904 570 949 cum
601 882 724 948 videret
752 882 985 966 rempublicam
1015 900 1087 947 esse
1121 874 1243 946 nullam
1281 884 1470 968 Pompeium
1593 868 1599 881 ⁸

140 1012 238 1057 unum
281 990 389 1055 omnia
429 1009 535 1075 posse,
578 991 637 1056 etsi
680 1009 751 1055 eum
794 994 829 1053 ut
870 988 1135 1074 supradiximus
1163 985 1290 1072 plurimi
1319 991 1470 1057 faciebat.

140 1100 254 1181 Itaque
283 1117 354 1162 cum
382 1117 501 1180 magno
531 1098 729 1182 reipublicae
757 1117 778 1161 a
805 1096 981 1162 maioribus
1010 1102 1165 1181 acceptae
1194 1100 1236 1159 ac‘
1264 1094 1396 1164 relictae
1417 1098 1472 1164 de·
1596 1180 1600 1189 1

140 1206 259 1271 siderio
288 1211 449 1270 teneretur
478 1225 560 1290 opus
589 1205 630 1271 de
658 1203 824 1288 republica
852 1211 884 1268 et
911 1203 953 1270 de
981 1204 1108 1286 legibus
1135 1203 1304 1285 scripsisse
1332 1205 1472 1290 videtur,

139 1311 285 1378 Platonis
313 1312 466 1396 operibus
494 1313 682 1398 praesertim
711 1330 797 1390 usus,
827 1331 975 1395 quaeque
1003 1311 1058 1377 ille
1086 1309 1226 1376 maximo
1265 1312 1396 1396 ingenio
1424 1313 1474 1379 vir

139 1419 375 1485 admirabiliter
402 1420 550 1506 finxerat,
580 1420 651 1486 usui
678 1426 860 1502 temporum
888 1438 1017 1484 suorum
1046 1417 1273 1484 accomodavit
1307 1405 1473 1503 -neque

138 1538 173 1592 ut
201 1528 295 1593 Plato
337 1529 569 1612 rempublicam
612 1525 788 1611 optandam
826 1545 864 1591 ac
892 1525 1086 1610 sperandam
1115 1525 1232 1609 magis,
1262 1527 1320 1592 sed
1348 1549 1472 1612 rempu-

139 1635 256 1700 blicam
294 1633 475 1700 Romanam
521 1643 685 1717 tamquam
727 1633 880 1717 optimam
927 1633 1105 1717 proposuit,
1155 1653 1250 1717 qnam
1297 1634 1407 1719 Scipio
1442 1642 1474 1701 et
1595 1638 1599 1651 “

139 1748 326 1808 nascentem
368 1749 401 1807 et
442 1749 639 1809 crescentem
678 1748 709 1807 et
746 1741 809 1805 iam
837 1740 960 1806 firmam
989 1741 1219 1823 robustamque
1247 1739 1473 1812 delineaverit.

139 1851 167 1915 Α
197 1850 333 1915 Ρ161666
360 1857 466 1916 autem
495 1850 600 1917 noluit
626 1850 715 1935 prius
756 1846 924 1914 discedere
965 1868 1060 1930 quam
1095 1847 1137 1913 ad
1164 1849 1260 1915 finem
1294 1849 1473 1917 institutum

139 1957 201 2021 iter
243 1957 448 2041 perduxisset
488 1952 598 2039 itaque
638 1955 857 2023 fundamentis
898 1955 1096 2039 reipublicae
1128 1955 1224 2024 iactis
1254 1977 1334 2041 opus
1363 1958 1404 2023 de
1431 1954 1474 2024 le··

140 2065 234 2146 gibus
278 2065 525 2131 exaedificatum
568 2072 627 2150 661,
670 2083 733 2146 quc
776 2061 883 2128 studia
909 2062 1128 2129 Romanorum
1157 2057 1199 2128 ad
1228 2065 1319 2145 leges
1346 2072 1475 2150 praeter

140 2171 249 2236 omnia
285 2172 441 2238 colendas
483 2178 515 2237 61
550 2172 584 2238 16
617 2171 848 2255 rempublicam
877 2191 897 2235 a
924 2170 1100 2237 maioribus
1128 2178 1294 2256 acceptam
1324 2172 1475 2238 incende·

139 2286 259 2344 rentur.
287 2279 326 2343 In
369 2279 508 2364 epistula
548 2280 591 2345 ad
623 2280 716 2345 Fam.
747 2278 834 2364 VIII,
868 2278 886 2344 1
918 2278 1055 2360 legimus
1095 2280 1138 2346 M.
1180 2278 1327 2344 Coelium
1355 2278 1472 2345 Rufum

143 2384 292 2451 Ciceroni
329 2392 395 2452 tum
436 2387 468 2453 in
512 2386 629 2453 Cilicia
668 2384 795 2452 absenti
838 2387 888 2453 sic
929 2384 1111 2471 scripsisse
1130 2387 1171 2451 de
1200 2387 1240 2451 iis
1268 2387 1358 2452 libris
1390 2387 1474 2477 „Tui

140 2492 266 2576 politici
294 2492 368 2558 libri
398 2495 546 2561 omnibus
575 2495 717 2577 vigent“.

248 2599 361 2666 Cicero
401 2602 532 2684 quidem
573 2602 643 2687 ipse
686 2600 739 2684 (de
759 2688 762 2692 Ι
781 2602 845 2682 leg.
877 2599 910 2662 ll
938 2619 963 2666 c.
991 2599 1050 2685 Vl)
1080 2598 1167 2664 idem
1195 2593 1258 2665 sibi
1287 2599 1472 2666 faciendum

140 2727 212 2772 esse
240 2715 342 2791 putat,
373 2709 460 2790 quod
489 2711 537 2773 uir
565 2694 769 2774 doctissimus
801 2707 893 2772 Plato
914 2713 1011 2788 atque
1030 2705 1116 2771 idem
1136 2706 1346 2789 gravissimus
1365 2707 1470 2791 pbilo-

139 2815 312 2898 sophorum
334 2815 495 2898 omnium,
520 2817 580 2898 qui
609 2800 760 2901 princeps
788 2814 830 2880 (16
857 2814 1023 2898 republica
1051 2814 1280 2897 conscripserit
1320 2813 1474 2897 idemque

140 2921 312 3004 separatim
361 2923 403 2987 de
445 2923 582 3007 legibus.
627 2923 723 3001 Quod
764 2928 871 2987 autem
891 2909 1040 2986 'Zaleuci
1070 2928 1102 2986 61
1130 2920 1324 2987 Charondae
1352 2920 1473 2987 ibidem

142 3029 337 3094 mentionem
373 3029 460 3114 facit,
502 3049 636 3112 quorum
674 3030 811 3115 primum
840 3030 930 3113 leges
963 3023 1076 3095 Locris
1104 3027 1272 3112 scripsisse
1301 3028 1409 3095 denuo
1439 3031 1472 3095 in

141 3137 280 3220 epistola
308 3137 350 3201 ad
381 3138 518 3204 Atticum
548 3139 618 3222 Vll,
651 3138 684 3223 1,
718 3135 764 3204 18
794 3135 949 3219 meminit,
980 3134 1067 3218 quod
1095 3131 1221 3202 Tullius
1249 3134 1303 3219 (de
1332 3136 1395 3218 leg.
1426 3138 1469 3221 ll,

141 3239 311 3324 1216666
338 3242 484 3328 perditos
512 3251 750 3328 commemorat,
779 3244 812 3308 in
841 3243 957 3326 quibus
986 3242 1136 3310 Clodium
1165 3250 1197 3308 et
1225 3263 1296 3308 oum
1327 3263 1365 3308 eo
1397 3264 1473 3310 con-

111 3351 318 3420 ,6661166166
347 3352 469 3436 cogitat
496 3355 573 3418 item
602 3350 690 3435 quod
718 3351 843 3436 Appius
870 3351 986 3416 librum
1016 3350 1203 3433 auguralem
1246 3349 1287 3416 de
1315 3350 1470 3419 institutis

141 3479 180 3524 66
208 3458 382 3542 disciplina
410 3480 566 3543 augurum
595 3459 811 3543 conscriptum
841 3471 927 3523 anno
957 3454 1005 3524 52
1035 3458 1143 3523 Tullio
1172 3458 1259 3523 misit
1287 3457 1345 3545 (ad
1377 3459 1472 3528 Fam.

141 3566 191 3629 Ill
221 3565 244 3632 4
274 3572 306 3630 61
334 3564 375 3630 (16
402 3567 467 3650 leg.
497 3567 538 3649 Il,
573 3565 632 3650 13,
663 3563 737 3651 32),
769 3586 809 3630 ex
836 3565 887 3630 his
916 3565 1064 3630 omnibus
1092 3564 1206 3630 librum
1236 3564 1411 3630 secundum
1434 3566 1476 3632 de

141 3673 269 3754 legibus
297 3694 383 3738 anno
413 3670 462 3742 52
491 3695 512 3739 a
541 3674 698 3739 Cicerone
739 3673 953 3756 conscriptum
983 3671 1081 3737 fuisse
1110 3672 1370 3738 contendendum
1402 3692 1473 3740 esse

140 3779 300 3858 existimo,
345 3787 517 3864 antequam
558 3781 730 3865 proconsul
764 3780 798 3845 in
837 3779 983 3845 Ciliciam
1025 3778 1293 3864 proficisceretur,
1337 3800 1408 3844 cum
1444 3783 1475 3847 ei

141 3894 247 3968 neque
290 3887 434 3954 districto
476 3888 721 3973 provincialium
763 3886 903 3970 negotiis
945 3892 1076 3952 vacaret
1112 3906 1218 3970 neque
1245 3886 1392 3953 redditus
1420 3909 1464 3972 66

142 3993 224 4082 triae
260 3995 368 4078 legum
406 4016 517 4061 vocem
561 3995 707 4061 exaudiri
750 4013 846 4079 posse
874 4000 1029 4079 speraret,
1061 3993 1115 4058 ubi
1144 3994 1207 4059 iam
1237 3993 1474 4063 discordiarum

141 4095 291 4166 flammae
320 4104 509 4170 exarserant
538 4103 699 4186 armisque
728 4103 837 4168 omnia
865 4102 1122 4186 obstrepuerant.
1152 4103 1190 4167 ln
1226 4101 1317 4167 libris
1355 4102 1396 4167 de
1432 4104 1475 4168 le·

141 4209 237 4290 gibus
278 4210 468 4293 Pompeium
512 4211 677 4276 florentem
717 4217 749 4274 et
775 4209 1007 4293 rempublicam
1037 4215 1201 4274 tenentem
1231 4217 1475 4295 commemorat,

142 4335 207 4398 qna
235 4316 276 4382 de
304 4337 402 4382 66666
430 4318 518 4382 66116
547 4317 643 4383 modo
670 4316 740 4381 fieri
768 4323 884 4400 potest,
913 4323 948 4382 ut
975 4317 1049 4381 libri
1078 4315 1119 4382 de
1148 4317 1274 4400 legibus
1316 4325 1390 4403 post
1428 4339 1475 4384 re·

142 4422 243 4489 ditum
273 4444 291 4488 e
318 4425 485 4508 provincia
526 4444 612 4490 anno
653 4424 697 4489 49
739 4425 848 4508 scripti
890 4424 965 4504 sint,
1009 4444 1080 4489 cum
1110 4426 1242 4509 Pompei
1272 4426 1475 4511 principatus

140 4529 261 4597 fractus
305 4538 390 4597 esset
431 4534 464 4598 el
505 4533 655 4599 [universa
700 4531 788 4596 salus
829 4525 1029 4616 reipublicae
1061 4533 1094 4596 in
1137 4555 1260 4600 summo
1290 4533 1476 4601 discrimine

142 4645 337 4735 versaretur,
365 4639 462 4703 immo
491 4635 635 4706 funditus
664 4638 772 4703 deleta
800 4647 896 4705 esset.
929 4639 1042 4705 Cicero
1071 4641 1105 4706 in
1134 4642 1268 4708 exordio
1289 4642 1361 4708 libri
1381 4641 1476 4726 primi

141 4746 261 4812 fatetur
292 4766 350 4834 ,66
377 4747 420 4812 ad
448 4766 618 4812 causarum
655 4765 786 4830 operam
805 4767 970 4832 nunquam
990 4748 1052 4815 nisi
1067 4757 1214 4834 paratum
1236 4757 1268 4815 et
1286 4749 1475 4816 meditatum
