3248 5190
1378 411 1417 489 li

86 641 183 725 longe
221 628 314 734 (quo)
355 635 504 706 diffusam
543 657 572 703 c.
613 656 645 718 q.
684 656 723 702 ss
741 632 820 702 Ourn
849 642 955 701 autern
985 635 1067 701 alios
1095 656 1160 701 non
1189 635 1293 701 minus
1322 657 1417 720 quam

88 755 215 817 nosmet
253 750 343 832 ipsos
383 766 526 811 amemus
561 744 705 826 sequitur
738 751 772 809 ut
808 743 1037 810 benevolentia
1074 763 1094 807 a
1129 748 1244 808 natura
1281 743 1357 810 data
1377 745 1417 809 >in

87 877 201 922 ornnes
230 855 330 920 nostri
368 854 488 918 similos
516 853 644 918 existat.
684 855 777 917 Duae
815 870 865 916 res
895 858 930 916 ut
957 850 1094 928 Quintus
1124 857 1155 915 et
1183 850 1306 915 Atticus
1336 872 1417 917 corn-

89 966 228 1048 probant
264 963 360 1026 finem
397 961 491 1045 primi
530 960 710 1041 argumenti
744 958 865 1024 iaciunt
893 959 946 1041 (ci.
976 958 1206 1023 Reitzensteiui
1235 978 1267 1040 p.
1306 958 1416 1043 uolut)

87 1070 126 1138 τὸ
155 1066 282 1136 δίκαιον
310 1074 426 1134 natura
454 1063 524 1134 niti.
554 1066 738 1131 Secundum
766 1073 1000 1150 argumentum,
1029 1071 1063 1130 ut
1082 1065 1127 1129 ait
1145 1065 1416 1148 Reitzensteinus‚

89 1166 1416 1265 ωψωωώὼεωῂνπῑώωωῳῶωεχωὼπᾶωῶὼη
1583 1214 1622 1255 ι,

88 1277 143 1378 (ἐξ
181 1283 340 1365 40-44),
379 1281 499 1347 deindo
537 1301 577 1346 ex
614 1281 800 1346 notionibus
837 1280 968 1345 summis
1004 1275 1113 1346 autor
1141 1278 1201 1345 καὶ
1229 1275 1333 1372 ἀρετή
1363 1278 1418 1365 (ἓὲ
1505 1362 1510 1370 q

87 1392 244 1472 48-56).
284 1391 469 1454 Extremum
507 1387 587 1452 illud
624 1394 673 1453 est
710 1385 748 1476 (ξ
786 1389 827 1454 bl
868 1407 897 1454 c.
928 1407 959 1469 q.
988 1389 1028 1468 s.)
1057 1394 1090 1451 ut
1117 1385 1367 1470 philosophiam,
1398 1408 1418 1452 a

87 1520 152 1581 qua
180 1496 309 1563 vivendi
338 1495 485 1561 doctrina
513 1495 660 1580 dueatur,
688 1495 838 1562 laudibus
866 1495 988 1585 offerat,
1018 1495 1108 1559 cuius
1134 1493 1241 1559 studio
1261 1513 1296 1559 se
1316 1496 1416 1559 teucri

89 1627 128 1671 ac
166 1605 291 1687 legibus
327 1602 507 1668 condendis
544 1622 675 1686 operam
710 1601 787 1666 dare
816 1602 979 1685 professus
1021 1602 1140 1684 incepti
1182 1601 1231 1666 sui
1259 1601 1415 1666 rationem
1608 1686 1612 1693 Ι

91 1713 219 1797 probat.
258 1711 397 1775 Primum
436 1717 658 1792 argumentum
698 1728 738 1773 ex
775 1709 896 1774 iustitia
923 1715 1084 1792 sumptum
1113 1707 1283 1792 dupliciter
1312 1708 1418 1796 dispo·
1521 1790 1528 1801 x
1613 1714 1622 1765 ’.’

91 1816 184 1886 situm
225 1837 296 1883 esse
333 1817 470 1899 videtur,
509 1817 655 1900 quamvis
693 1817 792 1880 multa
833 1817 932 1881 verba
960 1815 1047 1898 quod
1075 1816 1215 1881 maxime
1244 1814 1417 1880 dolendum

91 1935 140 1992 est
169 1913 243 1990 ⁸hoo
283 1925 355 1991 loro
394 1924 510 1991 desint.
550 1923 722 1991 Notionem
761 1924 902 1988 iustitiae
938 1922 1122 1988 bominibus
1163 1922 1304 1988 innatam
1349 1942 1419 1987 esse
1504 1912 1507 1917 ’

93 2033 292 2098 conscientia
335 2030 445 2116 dooet3
484 2030 545 2095 nisi
588 2031 751 2096 bominum
795 2031 910 2095 animis
937 2030 1025 2096 notio
1055 2031 1170 2114 culpae
1197 2031 1294 2095 insita
1322 2037 1418 2115 esset,

90 2137 1363 2224 mummmmmmmmmmmmmmmmmmmffi.

198 2249 248 2312 De
277 2246 464 2330 expiatione
494 2252 525 2310 et
553 2245 690 2329 piaculis
719 2264 898 2310 sermonem
928 2264 998 2309 esse
1027 2244 1230 2309 manifestum
1265 2259 1321 2328 cst,
1362 2243 1420 2309 sed

91 2360 261 2418 contextus
298 2373 402 2418 rerum
445 2352 641 2442 paragraphi
670 2351 908 2433 quadragesimi
937 2371 1002 2416 non
1030 2352 1141 2433 liquet.
1171 2352 1252 2416 Turn
1283 2352 1420 2429 Quintus

93 2460 145 2525 vel
187 2461 311 2525 Atticus
348 2460 390 2525 de
431 2460 641 2542 religionibus
683 2455 837 2542 expiandi
878 2459 960 2524 forte
994 2458 1228 2543 animadvertit,
1259 2458 1419 2541 quaedam

94 2587 230 2632 munera
257 2573 434 2651 mystarum
463 2587 573 2632 carcre
602 2568 694 2651 signo
723 2565 888 2650 expiandi.
919 2567 1001 2630 Tum
1030 2567 1155 2631 Marcus
1179 2567 1308 2650 gravius
1328 2586 1421 2648 argu·

90 2673 1416 2759 mmmnmfflmmumommmmmhmmmmmfflmmwmnffla

90 2782 233 2866 expiatio
277 2782 342 2867 est;
382 2782 491 2864 itaque
528 2800 651 2865 poenas
688 2782 778 2847 luunt
815 2802 880 2846 non
909 2789 975 2846 tam
1003 2780 1130 2848 iudiciis
1186 2801 1268 2862 quae
1310 2780 1417 2844 multi-

89 2888 1418 2972 &mmmmfflmemmwmmmmmm

90 2995 221 3060 ficorum
250 2995 411 3078 cupiditas
439 3003 473 3060 ut
502 3003 603 3061 semet
631 3002 784 3060 excusent
812 3015 849 3060 ao
877 3002 1026 3080 purgent,
1056 2994 1177 3060 indicio
1198 3003 1246 3060 ost
1266 2995 1419 3060 iustitiam

92 3102 186 3167 nobis
213 3103 356 3167 innatam
386 3123 468 3169 esse.
499 3104 603 3184 Atque
632 3102 772 3184 quodam
801 3103 934 3168 circuitu
963 3102 1079 3169 Cicero
1099 3103 1251 3167 iustitiam
1273 3103 1416 3166 innatam

91 3229 163 3275 esse
192 3210 389 3292 argumentis
418 3230 501 3291 quae
529 3217 705 3292 sequuntur
732 3211 927 3294 probaturus
955 3217 1022 3276 est:
1059 3210 1092 3275 Si
1121 3210 1170 3274 ius
1199 3231 1263 3275 non
1291 3230 1349 3294 per·
1387 3229 1421 3274 so

92 3318 262 3400 mmmm
307 3317 1421 3401 memmmrmnmmubffl,mmsimmauumm

90 3410 1419 3512 mmfflfimqmmfflmommmmffifflmmmmwmma

93 3550 188 3594 nemo
227 3536 276 3595 est
316 3531 451 3596 iniustus
493 3538 548 3595 aut
576 3532 768 3613 (scelestus):
806 3532 926 3597 incauti
955 3532 1061 3616 potius
1089 3532 1230 3597 habendi
1259 3540 1333 3597 suunt
1353 3533 1420 3596 'inr-

93 3636 222 3721 proptr.
258 3636 353 3714 erod
390 3637 555 3722 praeclare
593 3639 748 3723 exemplis
786 3639 931 3721 illustrat,
972 3639 1074 3723 primo
1107 3638 1247 3731 hominis
1275 3640 1318 3704 nil
1362 3640 1423 3703 uisi

90 3751 206 3808 testam
234 3751 266 3808 et
292 3744 432 3810 iudicem
460 3745 641 3829 metuentis,
671 3747 725 3827 qui
754 3747 786 3810 in
815 3745 942 3811 deserto
971 3747 1043 3812 loco
1073 3754 1127 3812 aut
1147 3747 1288 3812 tenebris
1309 3755 1421 3811 nactus
1593 3724 1614 3817 ¹,

92 3850 144 3933 sit,
176 3870 269 3934 quern
299 3853 398 3917 multo
427 3872 504 3917 auro
534 3853 674 3936 spoliare
702 3853 804 3937 possit
828 3852 1023 3918 imbecillum
1047 3863 1143 3936 atque
1162 3855 1277 3935 solum,
1300 3854 1341 3918 dc
1361 3853 1422 3918 hoc

92 3958 148 4022 tali
178 3957 308 4023 homine
337 3960 390 4040 qui
413 3959 560 4024 metiatur
590 3959 698 4025 omnia
730 3961 796 4024 stris
824 3960 1001 4026 commodis
1030 3968 1062 4025 et
1089 3961 1134 4026 nil
1163 3962 1295 4026 alterius
1325 3980 1422 4026 causa

91 4064 203 4149 faciat,
234 4064 365 4130 dubium
395 4069 548 4150 nonest,
578 4067 631 4148 qui
638 4067 664 4130 d
679 4067 719 4132 sit
729 4067 881 4134 facturus.
913 4067 1037 4146 Quodsi
1056 4070 1189 4149 negabit
1208 4089 1243 4133 se
1261 4067 1422 4133 imbecillo

92 4172 191 4236 vitam
236 4179 418 4257 erepturum
462 4179 492 4238 et
530 4194 641 4249 aurum
684 4174 875 4259 ablaturum,
919 4195 1082 4258 nunquam
1122 4177 1162 4241 ob
1192 4196 1263 4240 cam
1293 4195 1422 4240 causant

92 4278 1425 4366 mmmmmnmmfflmmmfflmmdwmmmtmmmm

92 4384 115 4452 i.
147 4405 175 4453 e.
207 4406 249 4450 ne
276 4388 394 4451 malum
424 4387 554 4453 lrabeat.
584 4388 667 4453 Huic
695 4389 844 4472 exemplo
874 4391 1007 4455 altorum
1042 4391 1234 4455 contrarium
1274 4392 1426 4473 opposuit

93 4499 241 4557 naturam
284 4494 357 4559 iusti
401 4513 438 4558 ao
477 4495 651 4577 botuuini,
682 4486 735 4577 qui
765 4515 840 4561 vero
869 4497 1080 4580 colloquetur,
1110 4499 1244 4580 iuvabit,
1275 4497 1307 4561 in
1337 4498 1425 4562 viarn

94 4597 236 4665 deducet
279 4580 350 4666 sola
390 4601 568 4666 honestatis
610 4603 809 4668 conscientia
851 4610 1019 4668 contentus
1060 4624 1166 4687 noque
1200 4607 1297 4670 ullarn
1327 4605 1424 4669 aliam

96 4705 205 4789 exiget
247 4704 389 4775 iustitiae
417 4709 610 4776 mercedem,
654 4709 825 4787 Proximae
867 4711 1076 4796 probationes
1118 4732 1157 4778 eo
1199 4719 1357 4798 spectant,
1393 4720 1428 4777 ut

201 4857 370 4900 nannmrnt
1305 4853 1320 4900 2
