3248 5190
212 427 350 492 sulatum
379 441 409 488 a.
441 415 473 488 d.
503 415 532 484 V
560 418 722 489 Calendas
754 420 887 488 Martias
907 414 954 487 52
975 417 1108 489 inivisse
1128 430 1160 489 61
1177 443 1236 509 661·
1255 415 1397 505 quinque
1417 435 1547 491 ’6166666

213 534 283 599 6166
325 530 450 610 collega
491 530 631 609 gessisse
674 537 809 598 constat.
852 528 960 593 Prima
998 529 1050 594 lex
1079 552 1173 614 quam
1203 550 1306 596 novus
1334 532 1444 596 consal
1473 533 1547 597 tulit

212 648 281 709 crat
310 639 351 704 dc
379 637 408 701 vi
439 643 471 701 et
498 637 619 701 ambitu
648 659 668 703 a
696 638 824 703 Milonis
853 635 1065 702 seditionibus
1094 639 1238 723 profecta
1267 646 1298 702 ot
1316 639 1413 702 veluti
1436 638 1545 704 frenas

213 747 417 831 eloquentiae
445 745 625 828 imponens,
656 746 746 811 cuius
774 744 969 810 mentionem
998 744 1131 811 Tacitus
1158 746 1236 811 facit
1268 753 1299 810 et
1327 745 1440 810 Cicero
1470 767 1542 812 eam

212 853 410 940 reipublicae
445 852 556 916 utilem
599 853 794 920 existimavit
827 855 913 934 (Asc.
944 851 976 916 irr
1005 851 1073 916 Mu,
1104 876 1125 945 6
1170 851 1215 921 37
1247 856 1300 934 Α)
1329 852 1479 919 sednon
1509 856 1542 920 in

213 963 327 1028 eadem
356 960 516 1026 sententia
544 956 671 1028 mansit.
701 961 789 1026 luter
816 960 899 1024 hune
933 957 1540 1044 (1161661666666661616616116161,

102 1127 103 1130 ,
210 1072 264 1137 lex
291 1068 447 1153 Pompeia
474 1067 596 1148 incidit.
626 1069 740 1151 ltaque
767 1067 836 1132 fieri
864 1087 929 1132 666
957 1073 1075 1153 661661,
1104 1076 1139 1133 61
1168 1068 1279 1134 Cicero
1305 1067 1541 1152 supradictum

213 1178 318 1245 locum
360 1183 435 1261 post
475 1175 536 1240 hoc
578 1181 704 1260 tempus
737 1173 972 1258 conscripserit.
1002 1174 1093 1251 Quae
1121 1195 1173 1240 res
1200 1195 1295 1260 porro
1325 1175 1540 1257 confirmatur,

211 1285 298 1368 quod
327 1283 372 1350 ibi
400 1283 534 1366 Pompei
562 1283 757 1349 mentionem
785 1303 851 1348 non
880 1281 966 1366 16611,
996 1303 1122 1348 omnem
1153 1283 1237 1349 enim
1267 1283 1469 1348 occasionem
1498 1284 1539 1348 ab

209 1399 341 1458 auctore
382 1397 491 1456 nostro
534 1390 667 1475 Pompei
709 1389 863 1455 laudandi
904 1389 1056 1455 inlibris
1085 1389 1126 1456 de
1154 1391 1281 1474 legibus
1310 1391 1432 1474 captari
1461 1411 1538 1457 con·

210 1507 274 1566 stat
315 1537 365 1548 -
403 1499 499 1564 immo
542 1517 613 1563 cum
655 1497 736 1563 baec
780 1497 916 1580 legimus
948 1498 1220 1582 „Pompeiumque
1248 1482 1390 1564 nostrum
1424 1499 1540 1564 ceteris

210 1609 306 1673 rebus
353 1605 500 1673 omnibus
532 1625 658 1689 semper
695 1605 902 1689 amplissimis
928 1606 1124 1688 summisque
1153 1606 1266 1671 offerro
1295 1603 1465 1687 laudibus;
1497 1605 1538 1671 de

209 1714 380 1781 tribunicia
408 1718 567 1797 potestate
595 1719 699 1778 taceo.
729 1713 797 1779 Nec
826 1709 911 1779 euim
939 1712 1177 1796 reprehendere
1205 1713 1293 1797 libet,
1323 1732 1383 1778 nec
1403 1713 1538 1778 laudare

210 1828 360 1908 possnm¹⁴
384 1821 437 1903 ((16
478 1822 542 1903 leg.
586 1820 634 1885 ΙΙΙ
671 1818 729 1903 10,
761 1817 822 1901 22)
850 1821 904 1885 vix
932 1819 1086 1885 credibile
1115 1841 1186 1887 6666
1215 1820 1400 1887 doctissimo
1431 1820 1534 1886 (11116-

210 1950 330 1996 manno
360 1928 549 1994 Ciceronem
578 1927 717 1992 auctoris
745 1933 810 1992 tam
839 1927 913 1993 novi
944 1936 975 1992 et
1002 1929 1073 1992 miri
1101 1928 1249 2011 consulti,
1279 1928 1330 1993 cui
1366 1934 1537 2011 praeterea

208 2038 279 2123 ipse
308 2036 524 2119 assentiretur,
553 2057 618 2101 non
647 2035 744 2100 ollam
773 2035 1154 2102 (6661166616166161661
1183 2036 1283 2102 luisse
1311 2055 1394 2117 quae
1422 2043 1535 2101 notatu

84 2200 88 2206 .
209 2144 309 2228 digna
351 2163 403 2208 166
445 2142 538 2208 unice
574 2141 636 2207 boc
664 2141 761 2207 modo
791 2143 819 2207 ei
848 2143 1092 2226 interpretanda
1120 2163 1191 2210 esse
1219 2142 1355 2225 videtur,
1386 2141 1535 2209 Ciceroni

209 2272 247 2319 eo
277 2259 420 2336 tempore
448 2251 552 2332 legem
581 2249 670 2314 illam
699 2249 805 2315 adbuc
833 2251 975 2335 ignotam
1004 2250 1115 2318 fuisse.
1147 2247 1213 2344 (Cf.
1244 2250 1285 2316 (16
1319 2270 1358 2317 66
1377 2270 1411 2315 16
1439 2250 1533 2317 Rom.

207 2359 272 2425 Lit.
302 2380 365 2424 von
393 2357 518 2424 Scbauz
546 2359 621 2441 116.
654 2356 753 2437 313).
785 2357 973 2423 Ciceronem
1001 2358 1101 2424 libros
1129 2358 1169 2424 de
1197 2358 1324 2441 legibus
1342 2364 1416 2442 post
1435 2358 1535 2423 libros

197 2466 250 2532 ,(16
291 2467 463 2549 repubcicc
504 2466 555 2529 vel
596 2485 759 2530 unacum
788 2464 827 2530 iis
856 2466 947 2547 quasi
975 2466 1233 2550 supplementum
1261 2465 1427 2549 scripsisse
1455 2465 1534 2530 satis

208 2573 379 2640 luculentis
407 2572 604 2655 argumentis
632 2572 709 2636 milri
738 2572 941 2639 doctissimus
959 2571 1218 2639 Reitzensteinus
1246 2573 1381 2638 evicisse
1396 2572 1534 2637 videtur.

206 2677 323 2750 Libros
365 2679 406 2746 de
447 2680 614 2763 republica
640 2680 777 2764 scriptos
804 2689 875 2746 es'se
903 2689 988 2747 anuo
1019 2677 1069 2747 54
1098 2687 1223 2747 constat
1251 2701 1291 2746 ex
1320 2681 1457 2764 epistula
1486 2679 1536 2746 Ci-

207 2790 333 2855 ceronis
360 2788 404 2854 ad
432 2787 584 2865 Quintum
612 2787 740 2852 fratrem
771 2789 824 2871 (11,
859 2785 917 2872 12,
953 2786 985 2877 1)
1015 2808 1053 2854 66
1083 2788 1156 2853 1661
1185 2808 1270 2853 6666
1299 2807 1410 2853 166666
1447 2787 1534 2852 Maio

207 2897 315 2982 missa,
344 2917 424 2979 quos
452 2916 533 2980 opos
560 2896 697 2979 spissum
726 2915 805 2960 saue
833 2902 865 2959 61
893 2915 1063 2980 operosum
1093 2895 1185 2975 dicit;
1221 2896 1331 2978 itaque
1364 2893 1460 2960 611661
1490 2892 1533 2959 ad

138 3004 141 3008 ’
206 3005 295 3087 leges
322 3004 522 3086 condendas,
552 3011 724 3084 antequam
753 3003 785 3089 in
814 3002 959 3067 Ciliciam
989 3003 1186 3086 provinciam
1216 3004 1318 3068 exiret
1349 3004 1423 3084 ique
1457 3008 1533 3066 6616

207 3118 350 3178 exortum
393 3112 511 3176 bellum
553 3110 659 3194 civile,
701 3111 792 3175 euius
832 3110 922 3175 nulla
952 3111 1071 3174 mentio
1101 3111 1237 3175 occurrit
1265 3111 1403 3193 vivoque
1432 3109 1531 3174 etiam

207 3220 331 3285 Catone
359 3218 514 3301 Uticensi,
545 3216 598 3299 ((16
626 3218 680 3300 leg
721 3218 768 3282 Ill
796 3221 816 3299 ξ
846 3215 911 3304 40)
940 3218 1079 3282 animum
1109 3219 1272 3302 appulisse
1302 3217 1438 3284 videtur.
1456 3218 1530 3282 Jarrr

205 3347 290 3392 anno
322 3325 370 3394 60
401 3325 513 3391 Cicero
543 3325 685 3407 queritur
712 3324 953 3409 rempublicam,
985 3344 1176 3407 quamquam
1206 3326 1248 3390 sit
1279 3344 1434 3409 praesens
1463 3323 1533 3388 aui·

205 3454 275 3500 mus
304 3439 335 3499 et
361 3433 510 3499 voluutas
538 3440 570 3497 61
597 3432 768 3498 6661116161·
795 3440 903 3498 161666
930 3432 995 3498 1661
1029 3432 1220 3499 medicinam
1259 3432 1406 3515 refugere
1434 3438 1532 3512 atque

115 3526 118 3531 ¹
205 3561 256 3607 res
284 3541 447 3606 Romanas
475 3539 594 3605 diutius
622 3548 707 3606 stare
735 3561 799 3606 nou
828 3559 935 3624 posse.
967 3535 1191 3627 (ad-Atticum
1225 3541 1252 3620 l,
1301 3539 1370 3622 18).
1409 3538 1532 3602 Trium·

204 3649 308 3716 viratu
336 3649 369 3714 in
397 3648 540 3713 bibernis
581 3647 731 3714 Caesaris
772 3669 857 3714 anuo
897 3643 945 3716 56
975 3647 1103 3713 Luccac
1131 3654 1284 3714 renovato
1315 3648 1427 3713 Cicero
1456 3645 1532 3710 Pla·

203 3756 290 3822 tonis
318 3764 350 3822 et
377 3757 558 3821 Aristotelis
586 3756 734 3840 exemplo
764 3755 805 3820 de
833 3755 999 3838 republica
1026 3756 1166 3822 scribere
1195 3756 1332 3821 institnit
1368 3761 1402 3819 ut
1421 3753 1447 3819 si
1468 3773 1534 3834 qua

202 3871 313 3949 posset
340 3864 501 3929 labentem
529 3865 591 3929 iam
620 3883 785 3929 romanam
815 3862 1046 3946 rempublicam
1074 3863 1209 3929 consilio
1244 3869 1434 3944 sustentare,
1451 3860 1531 3924 nihil

205 3973 350 4037 omisisse
378 3971 515 4039 videtur.
545 3972 594 4035 Er
623 3971 678 4036 illo
707 3979 861 4054 tempore,
893 3989 954 4051 quo
984 3970 1088 4035 omnis
1116 3970 1260 4054 potentia
1288 3970 1331 4035 ad
1360 3967 1532 4034 tresviros

202 4080 402 4164 Pompeium,
434 4079 605 4144 Caesarem
636 4085 667 4143 61
695 4079 845 4144 Crassum
874 4077 1005 4143 redacta
1033 4090 1091 4160 661,
1120 4079 1236 4163 616666
1270 4085 1343 4142 6661
1363 4075 1531 4142 Ciceronis

203 4188 360 4273 epistulae
389 4188 611 4268 quaerelarum
640 4186 696 4272 (ad
726 4185 864 4251 Atticum
894 4176 940 4268 II,
972 4181 1005 4269 9,
1037 4181 1097 4252 22.
1128 4186 1180 4269 lV,
1217 4183 1245 4268 l,
1277 4183 1325 4264 6.)
1372 4204 1425 4264 ,se
1460 4203 1531 4247 esse

203 4296 373 4380 spoliatum
416 4294 531 4378 opibus
573 4301 605 4358 61
643 4295 700 4359 1116
727 4293 891 4359 senatoria
918 4292 1073 4376 potentia,
1102 4300 1169 4359 tres
1197 4292 1343 4359 1161611166
1372 4290 1529 4356 immode-

118 4406 120 4411 '
202 4410 289 4467 ratos
318 4401 401 4466 male
429 4402 611 4483 gubernare
639 4401 878 4492 rempublicam,
908 4394 1041 4483 regnum
1070 4418 1180 4464 eorum
1210 4419 1281 4464 esse
1313 4398 1530 4480 intolerabile,

202 4510 386 4578 servitutem
415 4528 487 4574 esse
515 4515 729 4595 praesentem,
760 4515 893 4573 mortem
922 4507 1090 4574 imminere
1119 4513 1151 4572 et
1178 4506 1381 4595 eiectionem,
1410 4507 1475 4572 iam
1496 4525 1531 4571 sc
