3248 5190
945 348 951 379 l

1437 388 1525 485 re'

137 638 179 702 ut
222 637 308 696 recte
350 636 443 739 putat
483 629 752 698 Reitzensteinus.
798 666 835 678 —
876 632 1075 714 Argumenta
1104 631 1190 715 quod
1219 632 1362 714 sequitur
1390 651 1480 716 prae·

146 741 288 804 munitur
329 739 383 802 via
425 737 467 803 ad
508 739 701 803 sententiam
742 739 975 822 principalem:
1021 759 1132 804 omnes
1169 740 1244 804 boni
1287 740 1345 804 viri
1375 741 1475 823 ipsam

146 848 343 928 aequitatem
373 852 405 910 et
433 846 481 909 ins
509 846 613 929 ipsum
643 852 753 910 amant
780 865 840 911 neo
869 853 917 910 est
944 846 1003 910 viri
1032 847 1107 911 honi
1138 867 1244 911 errare
1273 854 1304 911 et
1330 847 1476 929 diligere,

147 954 236 1037 quod
278 974 335 1037 per
376 972 411 1017 se
453 973 516 1017 non
552 952 752 1034 diligendum
781 955 833 1018 sit.
864 954 927 1017 Per
953 973 988 1017 se
1017 954 1113 1035 igitur
1141 955 1190 1018 ius
1219 959 1250 1018 et
1277 954 1399 1018 iustitia
1427 975 1492 1023 ex-.

146 1060 289 1144 petenda
326 1066 357 1137 et
398 1059 536 1128 edenda
578 1068 671 1141 sunt;
711 1060 760 1124 sin
790 1080 838 1142 ea,
867 1060 1013 1142 reliquae
1041 1080 1169 1142 quoqne
1198 1062 1329 1125 virtutes
1358 1080 1477 1142 perse
1540 1131 1542 1135 ,

146 1167 303 1233 colendae
345 1172 430 1232 sunt,
474 1165 676 1250 Quamquam
720 1172 826 1232 autem
869 1167 949 1232 haec
979 1155 1165 1232 'enuntiatio
1198 1167 1282 1232 idem
1313 1167 1478 1232 declarare

147 1275 284 1366 videtur,
314 1272 354 1337 de
384 1292 447 1355 quo
476 1293 574 1358 supra
603 1273 637 1360 (ξ
666 1275 708 1339 32
737 1294 820 1356 qnae
849 1274 936 1338 natio
965 1295 1030 1339 non
1059 1295 1087 1339 e.
1120 1295 1150 1356 q.
1190 1278 1217 1355 s)
1260 1274 1377 1338 dietum
1417 1283 1475 1354 est‚

147 1392 255 1446 tamen
284 1401 304 1445 a
333 1380 489 1445 Cicerone
519 1380 656 1445 eandem
685 1402 750 1445 rem
780 1381 844 1446 alio
873 1381 1008 1446 consilio
1038 1380 1151 1446 iisdem
1181 1382 1287 1446 verbis
1317 1381 1475 1446 redditam
1595 1458 1598 1463 ι

145 1509 216 1554 esse
258 1486 449 1552 sumendum
497 1499 555 1553 est.
599 1487 811 1571 Para-grapho
859 1489 901 1553 32
943 1487 1144 1572 probandum
1182 1496 1261 1576 crat,
1294 1489 1474 1554 eoniitatem

145 1595 378 1678 benignitatem
418 1600 450 1658 et
486 1602 610 1676 gratum
646 1595 786 1660 animum
815 1595 901 1659 bona
928 1615 999 1660 esse
1027 1602 1061 1659 ut
1090 1596 1274 1660 excolamur
1304 1634 1352 1642 -
1382 1613 1477 1679 para·

143 1703 268 1786 grapho
297 1703 339 1766 ts
369 1709 476 1765 autem
504 1702 652 1767 virtutem
681 1722 740 1786 per
767 1721 802 1766 se
831 1701 1046 1786 expetendam
1075 1721 1146 1767 esse
1192 1702 1400 1785 Paragrapbo
1429 1703 1473 1766 40

144 1831 250 1874 sermo
294 1815 341 1873 est
374 1807 415 1873 de
453 1808 574 1873 iustitia
612 1828 670 1892 per
699 1828 734 1874 so
762 1795 944 1892 expetenda
977 1809 1141 1895 „quodsi
1170 1829 1285 1893 poena,
1316 1811 1341 1874 si
1372 1817 1475 1874 metus

143 1916 306 2013 supplicii,
346 1936 410 1980 non
452 1916 523 1999 ipsa
569 1914 731 2000 turpitudo
774 1915 913 1981 deterret
945 1917 997 1982 ab·
1030 1916 1185 1981 iniuriosa
1225 1917 1473 1998 facinorosaqne

142 2024 220 2095 vita.
263 2043 358 2087 nemo
388 2029 436 2087 est
479 2022 625 2104 iniustus,
656 2030 711 2087 aut
738 2022 860 2089 incauti
888 2025 995 2107 potins
1023 2023 1164 2089 habendi
1193 2030 1267 2089 suut
1294 2020 1471 2106 improhi“.

141 2128 267 2198 Eadem
310 2129 471 2194 sententia
509 2137 557 2194 est
598 2130 794 2214 paragraphi
832 2132 889 2196 49:
928 2131 1025 2213 Atqui
1059 2131 1155 2197 eliam
1185 2131 1211 2194 si
1241 2130 1473 2212 emolumentis,

143 2258 209 2303 non
251 2243 365 2328 suapte
407 2237 438 2300 vi
481 2237 580 2301 virtus
617 2237 785 2321 expetitur,
816 2258 880 2302 una
909 2238 968 2303 erit
995 2239 1105 2322 virtus,
1136 2257 1218 2319 quae
1261 2237 1384 2302 malitia
1411 2256 1478 2300 reo-

142 2340 265 2410 tisslme
294 2342 427 2408 dicetur.
458 2343 581 2408 Eodem
611 2343 708 2409 modo
737 2344 998 2410 Reitzensteinus
1026 2343 1105 2409 illud
1135 2343 1328 2429 parapraphi
1358 2345 1395 2408 41
1432 2343 1477 2407 di-

145 2451 285 2516 iudicat:
320 2471 359 2528 „o
387 2471 452 2515 rem
484 2449 625 2534 dignam,
655 2451 687 2515 in
717 2471 782 2532 (lua
809 2473 873 2516 non
903 2451 990 2517 modi
1011 2452 1096 2516 docti
1116 2451 1174 2517 sed
1194 2453 1290 2517 etiam
1327 2458 1473 2533 agrestes

141 2558 334 2648 erubescant
361 2565 458 2640 atque
486 2558 681 2642 paragraphi
710 2559 771 2627 50:
802 2566 835 2623 at
854 2579 905 2625 me
925 2561 1056 2624 istorum
1077 2559 1339 2643 philosophorum
1361 2558 1470 2642 pudet,

141 2666 175 2729 iu
205 2665 320 2747 quihus
350 2665 547 2747 Carneades,
576 2666 726 2748 Epicurei
755 2686 929 2748 eorumque
957 2666 1129 2750 disciplina
1162 2666 1389 2747 intellegantur

249 2772 290 2836 Ut
326 2771 452 2836 initium
491 2772 614 2855 primae
651 2773 751 2856 partis
788 2773 829 2838 ah
867 2774 1002 2839 honesto
1036 2781 1068 2837 et
1095 2773 1181 2856 turpi
1211 2773 1243 2837 in
1272 2781 1386 2836 natura
1419 2764 1473 2854 po'·

141 2878 250 2944 nendo
279 2879 413 2943 sumitur
441 2883 471 2961 (ξ
500 2881 564 2960 44),
594 2880 640 2944 ita
668 2880 880 2966 concluditur,
910 2882 1057 2945 virtutem
1086 2887 1117 2944 et
1145 2879 1223 2944 vitia
1260 2889 1392 2963 propter
1421 2878 1474 2942 ho-

141 2992 268 3051 nestum
298 2992 330 3050 et
357 2993 459 3070 turpe,
490 2985 576 3068 quod
606 2987 639 3050 in
669 2987 708 3051 iis
737 2993 851 3051 nntius
879 2987 956 3052 insit
984 2988 1089 3070 expeti
1133 2982 1183 3052 vei
1226 2986 1329 3050 vitari.
1375 2983 1471 3062 Quod

140 3095 167 3158 si
199 3093 386 3158 deformitas
431 3093 574 3176 eorporis
603 3093 701 3158 habet
742 3093 866 3176 aliquid
896 3093 1094 3176 offensionis,
1132 3093 1230 3157 animi
1260 3112 1388 3174 quoque
1417 3091 1470 3156 de-

141 3196 289 3284 pravatio
319 3208 350 3264 et
378 3199 517 3265 foeditas
545 3200 665 3266 haheat
692 3220 825 3265 necesse
854 3207 902 3266 est
931 3186 986 3284 (de
1014 3200 1068 3266 lin.
1099 3201 1138 3266 V.
1172 3201 1214 3265 47
1233 3200 1256 3284 ).
1301 3199 1471 3282 improbus

141 3308 240 3371 miser
282 3314 331 3371 est
372 3307 457 3371 vitiis
499 3307 578 3391 ipsis
606 3316 671 3372 n'on
701 3309 869 3373 eventibus
898 3309 952 3390 qui
981 3316 1166 3389 sequuntur.
1197 3306 1336 3375 Verbum
1365 3307 1472 3371 miseri

141 3414 201 3500 dat
229 3414 432 3479 occasionem
461 3414 581 3498 incepti
610 3415 842 3499 persequendi:
871 3415 995 3480 Probus
1024 3422 1071 3480 est
1100 3416 1170 3499 ipsa
1198 3414 1312 3479 virtute
1347 3414 1484 3497 beatus·

140 3522 242 3604 virtus
284 3528 332 3585 est
373 3521 520 3586 naturale
548 3523 667 3586 bonum
696 3541 754 3606 per
782 3542 816 3587 se
846 3521 1061 3605 expetendum
1092 3559 1141 3568 —
1170 3521 1268 3586 immo
1297 3521 1395 3585 virtus
1425 3528 1473 3584 est

138 3648 297 3692 summum
328 3628 446 3693 bonum
475 3649 539 3694 nen
569 3628 625 3692 ulli
654 3629 709 3694 alii
739 3630 1003 3712 comparandum.
1034 3630 1138 3693 Parva
1166 3636 1240 3692 sunt
1268 3629 1353 3693 bona
1382 3646 1471 3710 opes,

141 3736 292 3818 honores,
336 3734 440 3799 forma
477 3740 508 3799 et
530 3720 714 3802 ualetudo.
745 3736 815 3801 Hoc
842 3757 906 3800 non
937 3742 985 3800 est
1013 3735 1190 3801 Stoicorum
1220 3734 1278 3800 sed
1307 3733 1474 3799 Academi-

142 3863 251 3906 corum
282 3848 498 3926 praeceptum
529 3840 615 3924 quod
645 3843 821 3907 Antiochus
849 3842 967 3907 Stoicis
995 3843 1188 3907 eontrarium
1231 3843 1360 3907 mutatis
1398 3862 1473 3925 par-

139 3969 251 4013 vorum
296 3951 451 4015 bonorum
493 3948 686 4036 nominibus,
728 3949 860 4034 saepius
897 3949 1097 4032 praedicavit
1134 3951 1187 4031 (de
1215 3946 1257 4014 fin
1299 3949 1337 4013 V.
1369 3951 1408 4012 il
1440 3956 1472 4012 et

141 4059 208 4136 7‘2).
250 4058 363 4139 Itaque
402 4056 520 4121 omissa
548 4056 670 4121 iustitia
698 4055 873 4140 disputatio
902 4057 974 4140 ipsa
1002 4056 1043 4121 de
1072 4077 1194 4121 summo
1225 4056 1310 4121 hono
1341 4076 1379 4118 ao
1407 4056 1474 4119 vita

138 4165 237 4228 beata
264 4165 410 4229 instituta
438 4170 494 4229 est.
523 4163 680 4228 Restabat
708 4163 815 4246 igitur,
855 4174 889 4228 nt
922 4163 962 4228 de
991 4164 1099 4247 parvis
1129 4164 1222 4228 bonis
1251 4162 1473 4245 disputaretur

137 4292 178 4335 ac
218 4272 419 4354 probaretur,
463 4290 622 4351 quaenam
665 4269 928 4354 philosophorum
965 4270 1138 4353 disciplina
1166 4270 1344 4334 rectissima
1373 4276 1469 4334 esset.

138 4376 205 4443 Sed
242 4379 301 4443 hoe
338 4399 402 4442 non
440 4384 489 4441 est
521 4376 740 4460 diiudicatum,
779 4398 850 4443 enm
878 4378 1066 4460 praesertim
1095 4377 1137 4442 ad
1166 4378 1216 4441 ius
1245 4377 1341 4441 civile
1370 4377 1470 4460 expli-

139 4486 279 4551 candum
321 4486 399 4550 nihil
441 4483 617 4569 pertineret
656 4483 736 4549 haee
779 4483 971 4550 desummo
1000 4484 1085 4549 hono
1115 4485 1265 4566 maloque
1296 4483 1467 4550 dissensio.

138 4594 253 4674 ltaque
296 4592 409 4658 Cicero
451 4599 582 4674 rogatus
619 4590 795 4675 respondet
836 4591 964 4674 placere
1006 4591 1169 4676 terminos,
1209 4611 1289 4673 quos
1318 4591 1475 4678 Socrates
1530 4598 1537 4617 ²

138 4701 266 4785 pegerit
294 4698 326 4786 (ἓ
353 4701 418 4784 56),
448 4699 551 4782 iisque
578 4717 693 4784 parere
721 4699 742 4767 i.
771 4718 801 4770 e.
830 4697 1006 4767 seeundum
1040 4705 1187 4767 naturam
1226 4699 1342 4781 vivere,
1384 4696 1471 4780 quod

1332 4831 1367 4888 2*
