3248 5190
286 1670 342 1763 De
372 1669 576 1765 Ciceronis
603 1670 811 1802 librorum
841 1669 888 1763 de
917 1670 1084 1794 iegibus
1110 1672 1298 1790 tompore
1328 1673 1371 1766 et
1397 1672 1498 1768 libri
1599 1664 1601 1669 ’

420 1813 469 1827 ”’
661 1812 791 1932 primi
822 1813 1119 1933 compositione

334 2003 527 2068 Persuasum
556 2001 662 2068 habeo
691 2001 894 2084 obtinuitque
921 2001 1003 2068 haec
1030 2022 1158 2087 semper
1176 2002 1259 2069 inter
1279 2003 1392 2069 doctos
1411 2002 1558 2068 homines

225 2115 380 2176 constans
409 2109 520 2195 opinio
550 2128 631 2193 opus
660 2108 827 2176 Ciceronis
856 2109 910 2193 qui
940 2109 981 2175 de
1009 2110 1135 2193 legibus
1154 2110 1339 2176 inscribitur
1357 2110 1466 2194 magni
1487 2130 1559 2175 esse

224 2217 378 2302 momenti
407 2215 450 2282 ad
477 2216 724 2299 cognoscendas
751 2216 961 2300 antiquitates
987 2213 1164 2301 Romanas,
1193 2217 1227 2285 in
1256 2217 1437 2302 quostiam
1457 2218 1558 2282 murita

224 2325 393 2408 praeclara
431 2324 472 2389 de
508 2324 727 2411 philosophia,
767 2323 809 2390 de
847 2325 1005 2408 religione
1043 2333 1075 2391 et
1111 2326 1179 2390 iure
1217 2325 1302 2391 civili
1338 2310 1557 2390 Romanorum

224 2432 340 2498 litteris
367 2431 522 2497 mandata
550 2433 762 2517 reperiantur.

332 2540 383 2605 Me
411 2538 543 2623 quidem
571 2560 636 2606 non
664 2539 758 2622 fugit,
787 2540 852 2604 iam
881 2538 1085 2605 doctissimus
1112 2539 1198 2606 viros
1226 2559 1351 2605 summa
1370 2559 1441 2604 oum
1460 2538 1558 2604 laudo

225 2647 456 2731 percensendis
495 2646 773 2730 emendandisque
806 2647 973 2713 Oioerouis
1001 2646 1091 2712 libris
1121 2645 1161 2712 de
1189 2647 1316 2730 legibus
1345 2667 1476 2731 operam
1505 2668 1559 2712 na·

223 2774 328 2835 rasse,
372 2762 481 2820 tamen
520 2775 571 2821 me
607 2755 638 2820 in
677 2754 739 2821 hoc
778 2774 877 2839 opere
917 2754 1132 2837 largissimam
1161 2756 1328 2821 materiam
1356 2761 1556 2838 reperturum

223 2881 294 2927 esse
327 2881 434 2950 spero.
926 2866 928 2871 ‘

200 2960 204 2967 ’
330 2966 422 3048 Quae
449 2989 520 3034 oum
549 2968 595 3034 ita
622 2968 687 3034 sint
714 2966 802 3033 haud
822 2967 889 3034 scio
919 2988 961 3032 an
990 2988 1121 3052 operae.
1139 2968 1274 3051 pretium
1304 2968 1419 3034 facturi
1439 2967 1552 3049 simus,

222 3076 249 3140 si
278 3075 324 3140 ita
351 3078 521 3143 occasione
559 3082 696 3159 utamur,
735 3082 769 3141 ut
803 3075 940 3162 primum
979 3075 1092 3160 paucis
1120 3074 1357 3160 philosophiam
1388 3075 1556 3142 Ciceronis

223 3184 356 3266 eiusque
384 3184 500 3251 merila
532 3184 755 3269 explanemus.

305 3292 369 3357 ·M.
398 3291 524 3356 Tullius
552 3291 665 3357 cicero
694 3291 830 3374 scriptor
856 3309 998 3355 summus
1027 3289 1080 3372 qui
1109 3290 1169 3354 luit
1196 3289 1281 3355 idem
1310 3289 1358 3354 vir
1387 3291 1490 3356 bonus
1519 3296 1551 3354 et

221 3399 459 3469 amantissimus
487 3399 612 3484 patriae
653 3398 724 3482 ipse
759 3403 894 3463 testatur
933 3398 1095 3463 neminem
1137 3397 1207 3463 sine
1248 3396 1475 3481 philosophiae
1503 3417 1554 3465 co·

222 3506 368 3588 guitioue
404 3506 488 3571 bene
523 3527 585 3571 nec
627 3511 740 3572 ornate
769 3504 876 3570 dicere
904 3525 1000 3589 posse
1027 3504 1206 3586 litterisque
1235 3511 1267 3569 et
1295 3494 1582 3570 doctissimorum

220 3612 385 3679 hominum
413 3613 536 3679 artibus
563 3612 727 3697 perfectae
755 3611 960 3694 eloquentiae
988 3612 1109 3678 iontem
1139 3611 1314 3676 contineri*
1347 3613 1475 3694 (Bruuius
1497 3611 1551 3696 43,
1587 3658 1617 3709 'e

225 3722 307 3805 1613
337 3721 391 3811 93,
419 3723 504 3806 aar,
533 3739 591 3805 pro
621 3719 740 3785 Archia
767 3719 838 3801 VII,
871 3714 949 3810 lin).

327 3828 446 3895 Noster
488 3827 602 3894 Cicero
645 3825 791 3892 discendi
834 3825 1062 3910 cupidissimus
1104 3827 1388 3892 exercitationibus
1431 3832 1554 3892 tantum

223 3935 371 4000 oratoriis
408 3955 474 4000 non
513 3941 583 4000 erat
610 3941 781 4000 contentus
808 3934 866 3999 sed
895 3932 1015 3999 cotidie
1042 3933 1142 4000 libros
1171 3934 1435 4018 philosophorum
1465 3954 1556 4016 grae·

221 4063 329 4107 curum
359 4043 515 4108 lectitavit
544 4062 704 4124 omneque
731 4049 857 4124 tompus
886 4042 949 4106 iam
979 4042 1019 4106 ab
1040 4041 1171 4106 ineruntc
1190 4047 1297 4107 aetate
1317 4041 1349 4106 in
1366 4041 1420 4106 his
1439 4041 1555 4107 studiis

221 4150 451 4234 laboribusque
494 4149 629 4215 dulcibus
672 4148 874 4234 philosophis
914 4149 1042 4232 graecis
1083 4145 1293 4233 consumpsit.
1338 4148 1417 4214 Cum
1447 4154 1553 4214 autem

222 4277 322 4340 opera
349 4257 614 4342 philosophorum
643 4275 831 4340 graecorum
860 4255 969 4321 latinis
997 4255 1111 4322 litteris
1139 4257 1299 4322 illustrare
1318 4257 1500 4339 statuisset,
1521 4254 1555 4320 id

221 4365 361 4430 maxime
390 4364 467 4448 egit,
497 4370 532 4429 ut
559 4383 654 4446 quam
685 4348 918 4429 dilucidissime
946 4352 1060 4448 posset*
1083 4364 1265 4429 universam
1300 4363 1468 4429 materiam
1498 4382 1554 4428 ex-

220 4473 386 4557 planaret,
431 4472 540 4555 itaquo
581 4490 709 4556 semper
749 4470 957 4556 philosophia
985 4470 1139 4537 delectari
1176 4478 1208 4536 et
1246 4470 1354 4536 doceri
1383 4471 1551 4550 maluerat,

222 4598 317 4661 quam
359 4580 429 4664 ipso
471 4578 512 4645 de
554 4577 753 4644 difficillimis
788 4574 1032 4660 quaestionibus
1070 4577 1253 4664 disceptare
1290 4598 1328 4643 ac
1357 4576 1548 4645 diiudicare.
1602 4566 1605 4571 ’

221 4686 281 4753 Illo
323 4692 469 4774 tempore
509 4686 634 4754 Romae
676 4693 711 4756 ui
751 4685 887 4757 Athenis
929 4685 1075 4776 inprimis
1109 4692 1259 4775 quattuor
1287 4684 1552 4776 philosophorum

1485 4827 1499 4880 l
1590 4823 1595 4833 .
