3248 5190
258 195 279 267 6

260 418 415 500 siderare,
458 435 550 499 quae,
593 415 655 482 nisi
689 417 750 484 isto
792 416 889 483 modo
930 423 1155 502 statuerentur,
1184 416 1238 482 vix
1267 413 1507 481 excusationem
1538 411 1595 479 ha-

258 529 382 598 berent.
413 525 579 592 Nonnulla
606 525 709 589 inutili
739 524 939 591 abundantia
968 532 999 590 et
1027 525 1197 590 iteratione
1226 525 1385 589 laborant.

371 634 483 698 Cicero
527 630 680 708 Quintum
723 633 906 715 loquentem
950 632 1028 697 fucit
1069 634 1123 713 (II,
1170 629 1217 717 9),
1255 651 1337 715 quae
1376 629 1445 712 ipse
1472 629 1590 707 iisdem

259 741 366 808 verbis
407 741 494 824 prius
537 741 716 805 enuntiavit
757 741 811 824 (Il,
856 742 898 820 8).
938 739 1034 804 Haud
1076 740 1192 804 iniuria
1234 740 1335 803 virum
1369 736 1589 801 doctissimum

260 846 560 917 Reifferscheidium
603 847 806 913 offenderunt
843 848 995 912 conclusa
1024 867 1142 930 magna
1171 849 1243 928 lege
1272 845 1325 928 (de
1353 846 1417 926 leg.
1448 845 1491 928 ΙΙ,
1521 845 1592 925 23.)

263 979 301 1023 ao
342 957 416 1038 lege
458 955 499 1019 de
541 955 782 1036 magistratibus
823 955 958 1021 recitata
1000 955 1072 1041 (Ill,
1111 955 1165 1045 12)
1194 953 1309 1019 iisdem
1338 952 1405 1017 fere
1434 951 1541 1016 verbis
1570 973 1591 1016 a

262 1064 382 1144 Quinto
411 1061 549 1145 reddita,
580 1082 663 1143 quae
691 1063 779 1146 prius
806 1063 946 1127 Atticum
974 1063 1158 1145 loquentem
1202 1061 1315 1127 Cicero
1348 1060 1433 1142 fecit,
1463 1058 1524 1157 sed
1551 1079 1592 1124 ea

260 1173 332 1257 ipsa
371 1171 521 1253 neglecta
562 1188 633 1234 esse
675 1169 843 1254 videntur3
881 1170 957 1234 item
986 1170 1091 1235 minus
1120 1171 1286 1253 eleganter
1314 1168 1477 1233 cumulata
1503 1172 1591 1236 sunt.

263 1298 347 1362 quae
375 1276 416 1343 de
443 1276 616 1342 tribunicia
643 1283 802 1362 potestate
831 1283 931 1358 agunt
959 1278 1019 1359 (Ill
1051 1281 1088 1342 tl
1120 1283 1151 1342 et
1187 1277 1249 1356 19).

366 1383 651 1450 Reifferscheidius
679 1386 728 1449 vir
755 1386 788 1449 in
817 1383 1016 1467 exquirendo
1045 1392 1189 1469 ternpore
1218 1383 1422 1449 doctissimus
1454 1380 1593 1464 vestigia

254 1480 354 1558 ¹Balrii
396 1497 583 1576 persecutns
611 1492 814 1574 exitibusque
856 1512 959 1557 rerum
990 1494 1030 1557 ab
1061 1513 1099 1557 eo
1128 1493 1328 1577 cognitarum
1356 1509 1433 1555 usus
1459 1507 1520 1553 nos
1549 1489 1591 1554 de

141 1658 145 1667 .
263 1620 362 1684 opera
400 1598 533 1664 editoris
574 1605 671 1681 atque
713 1599 753 1664 de
795 1600 900 1682 rebus,
935 1621 1017 1682 (lurae
1046 1600 1075 1665 ei
1104 1600 1136 1665 in
1166 1599 1315 1664 manibus
1343 1604 1444 1679 crant,
1474 1595 1593 1660 dooere

261 1707 380 1775 studet.
419 1706 451 1772 Si
490 1705 620 1788 quidem
648 1708 772 1772 Atticus
800 1707 832 1774 iu
862 1707 1007 1791 epistulis
1034 1728 1120 1773 auno
1152 1709 1216 1773 ulo
1235 1706 1361 1790 criptis
1376 1706 1470 1770 etiam
1493 1710 1591 1786 atquc

262 1816 377 1897 etiarn·
402 1814 589 1880 Ciceronem
633 1813 822 1880 adhortatus
863 1821 921 1899 est,
959 1810 993 1879 ut
1020 1814 1171 1880 historias
1199 1815 1363 1896 scriberet,
1395 1813 1506 1876 merito
1551 1830 1592 1875 cx

259 1923 309 1988 his
338 1921 616 1987 adhortationibus
644 1921 781 1986 Bakium
809 1920 1002 1987 concludere
1020 1921 1305 1989 Reifferscheidius
1323 1919 1500 1998 contendit,
1531 1918 1592 1983 hoc

261 2050 342 2113 opus
383 2029 438 2094 illo
481 2036 626 2112 tempore
666 2030 812 2096 nondum
855 2030 1020 2114 vulgatum
1057 2029 1168 2117 fuisse,
1198 2029 1274 2112 quia
1301 2029 1334 2092 in
1363 2026 1454 2092 initio
1496 2026 1592 2091 huius

260 2136 366 2220 operis
407 2135 545 2201 eundem
587 2137 727 2202 Atticum
760 2156 794 2202 se
823 2136 865 2201 ad
894 2137 1044 2203 historias
1072 2136 1269 2203 scribendas
1288 2134 1516 2200 adhortantem
1547 2134 1593 2197 in-

59 2240 64 2253 '
162 2276 167 2285 ’
261 2244 368 2325 ducit;
413 2244 445 2308 in
486 2244 550 2308 illis
592 2244 738 2326 epistulis
779 2251 886 2309 autem
928 2264 1085 2343 nusquam
1128 2243 1251 2309 Atticus
1290 2243 1593 2319 Ciceronemcom-

261 2359 418 2416 memorat
459 2351 492 2415 in
534 2350 644 2433 aliquo
687 2351 749 2416 ianr
789 2351 875 2417 edito
905 2372 1003 2435 opere
1023 2372 1066 2435 ,se
1094 2351 1318 2417 adhortantem
1348 2350 1523 2431 induxisse,
1554 2356 1589 2412 ut

259 2459 410 2524 historias
437 2458 600 2523 scriberet.
629 2460 735 2541 Atque
764 2480 835 2524 enm
864 2466 990 2525 constet
1018 2459 1206 2525 Ciceronem
1235 2477 1340 2540 neque
1377 2458 1408 2521 in
1439 2456 1587 2539 epistulis

260 2587 366 2649 neque
407 2566 440 2631 in
483 2566 546 2631 alio
590 2586 687 2649 opere
726 2566 784 2632 hos
826 2565 867 2631 de
910 2567 1036 2648 legibus
1088 2567 1187 2632 libros
1233 2564 1428 2631 indicavisse
1465 2583 1506 2628 ne
1550 2583 1589 2628 eo

260 2673 389 2757 quidem
418 2674 490 2738 loco
522 2712 558 2723 -
590 2679 625 2738 nt
652 2693 749 2758 supra
777 2673 916 2739 diximus
947 2710 983 2721 -
1017 2673 1072 2758 (de
1101 2673 1165 2740 div.
1195 2676 1236 2759 11,
1262 2681 1290 2757 l,
1313 2673 1410 2737 Tuso.
1432 2671 1488 2752 IV,
1512 2673 1591 2752 1,1)

260 2802 323 2863 quo
351 2788 416 2846 tam
445 2789 519 2865 apte
547 2781 647 2846 libros
676 2781 717 2846 de
746 2781 871 2864 legibus
900 2802 995 2864 quam
1024 2801 1081 2846 sex
1110 2782 1182 2847 illos
1211 2777 1252 2846 de
1267 2779 1433 2864 republica
1452 2777 1590 2844 laudare

259 2887 425 2971 potuisset,
468 2895 534 2953 tum
575 2889 608 2952 in
656 2889 753 2953 Bruto
795 2890 824 2974 5,
865 2891 904 2953 19
933 2889 986 2954 ubi
1016 2889 1093 2953 nihil
1124 2888 1283 2973 prodiisse
1311 2894 1385 2971 post
1413 2882 1592 2952 edltionem

260 2996 413 3060 librorum
443 2995 483 3059 de
511 2995 678 3078 republica
706 2995 833 3081 dicitur,
864 3015 904 3060 ex
931 2996 987 3061 illo
1017 2996 1145 3061 silentio
1173 2996 1296 3061 Bakius
1325 3017 1390 3060 non
1418 3001 1482 3058 tam
1517 3013 1592 3057 con-

259 3101 415 3167 ficiendos
456 3122 527 3168 esse
563 3110 655 3186 putat
696 3109 751 3168 aut
788 3104 918 3168 omnino
947 3124 1012 3168 non
1041 3103 1140 3169 luisse
1167 3122 1188 3170 a
1218 3103 1374 3169 Cicerone
1402 3101 1461 3165 hos
1489 3100 1592 3164 libros

259 3210 396 3293 scriptos
436 3216 491 3275 ant
527 3219 688 3293 postremo
719 3210 847 3275 demum
876 3211 962 3276 vitae
990 3217 1134 3295 tempore
1162 3210 1336 3294 confectos,
1367 3228 1462 3292 quam
1493 3208 1591 3272 scribi

261 3328 405 3400 coeptos,
447 3317 505 3382 sed
546 3337 607 3382 nec
648 3319 814 3384 absolutos
853 3338 914 3383 nec
947 3317 1066 3402 editos3
1095 3318 1191 3384 scribi
1220 3326 1326 3382 autem
1355 3324 1489 3399 coeptos
1518 3335 1591 3380 esse

259 3445 344 3489 anno
387 3425 429 3490 52
471 3426 626 3507 Pompeio
660 3426 786 3490 tertium
816 3426 949 3490 consule
977 3445 1080 3507 eaque
1109 3425 1150 3490 de
1178 3444 1277 3491 causa
1304 3445 1370 3490 non
1400 3442 1470 3488 esse
1498 3423 1591 3487 abso-

259 3533 354 3611 lutos,
385 3532 471 3614 quod
500 3538 627 3615 praeter
655 3533 931 3616 exspectationem
960 3539 992 3597 et
1019 3552 1108 3616 spem
1138 3552 1277 3615 sequens
1310 3551 1414 3597 annius
1451 3528 1480 3593 ei
1518 3550 1591 3613 pro-

259 3639 385 3704 vinciae
431 3638 706 3705 administrandae
751 3641 975 3705 necessitatem
1023 3640 1212 3723 imposuerit
1256 3678 1291 3687 -
1328 3640 1378 3704 oui
1407 3637 1589 3702 sententiae

260 3746 440 3812 assentiens
467 3746 751 3812 Reifferscheidius
779 3743 890 3821 itidem
919 3769 991 3813 oum
1020 3747 1210 3836 Quintiliani
1240 3753 1305 3813 tum
1346 3745 1442 3811 Gellii
1485 3745 1592 3809 locum

260 3853 303 3917 ad
331 3854 391 3918 hoc
421 3874 501 3936 opus
529 3854 732 3919 referendum
762 3845 833 3941 esse
862 3862 963 3939 putat.
996 3854 1060 3938 (Cf.
1092 3854 1201 3931 Quint.
1235 3856 1287 3921 12.
1310 3851 1592 3935 3‚10etCellius

263 3970 290 4042 1,
334 3962 388 4042 22,
433 3963 450 4025 7
497 3999 533 4008 -
579 3960 620 4026 de
662 3982 724 4043 quo
767 3963 838 4027 loco
881 3961 1030 4027 conferas
1064 3961 1160 4027 etiem
1190 3962 1380 4027 seutentiam
1411 3958 1590 4024 doctissimi

260 4068 410 4133 Sclranzii
446 4069 539 4133 Rom.
577 4069 639 4133 Lit.
673 4070 749 4152 I²p.
780 4061 870 4163 3323).
900 4069 984 4133 Illud
1013 4067 1204 4145 Quintiliani
1236 4087 1453 4156 „componere
1482 4066 1593 4148 aliqua

261 4175 302 4240 de
330 4174 398 4238 iure
427 4176 511 4239 civili
554 4173 727 4259 coeperat“
774 4177 891 4241 eximie
920 4177 1092 4242 convenire
1122 4177 1247 4242 videtur
1275 4176 1365 4240 libris
1394 4173 1435 4238 de
1463 4174 1591 4256 legibus

261 4281 442 4363 rationique
470 4283 564 4347 huius
593 4284 711 4368 operis,
741 4285 789 4348 oui
820 4284 939 4350 insistit
966 4283 1029 4366 (Cf.
1061 4283 1102 4348 de
1130 4284 1193 4366 leg.
1225 4285 1251 4366 Ι,
1284 4285 1334 4349 13.
1369 4284 1420 4348 14.
1447 4285 1495 4347 lb.
1520 4279 1590 4365 18.)

368 4389 447 4455 Cum
476 4391 545 4475 ipse
575 4390 687 4456 Cicero
716 4391 862 4474 pluribus
892 4391 971 4457 locis
1003 4391 1036 4457 in
1078 4390 1138 4456 hoc
1181 4411 1279 4475 opere
1322 4389 1466 4455 declarat
1504 4388 1591 4453 idem

258 4497 319 4562 sibi
349 4498 548 4582 propositum
578 4497 677 4563 fuisse
706 4499 760 4576 (de
788 4500 852 4583 leg.
882 4499 914 4565 II
942 4499 998 4582 47)
1027 4498 1115 4580 quod
1142 4498 1357 4591 fragmentum
1387 4495 1485 4561 uellit
1505 4516 1591 4562 oom-
