3248 5190
138 203 183 271 20

141 419 338 487 Socraticum
367 424 426 500 est,
458 424 489 482 et
516 414 702 482 Academici
729 415 862 484 firmiter
889 424 1068 503 tenuerunt,
1107 417 1247 500 itemque
1285 416 1385 483 Stoici
1414 414 1472 483 do·

26 534 28 539 '
142 534 286 594 ouerunt.
329 525 587 609 Disputationcm
626 524 667 589 de
700 525 817 591 finibus
844 525 992 590 subtilem
1022 533 1054 591 ct
1082 527 1159 591 artis
1186 527 1315 610 plenam
1344 526 1385 590 ah
1414 525 1470 589 illa

141 636 183 700 de
220 636 288 698 iurc
326 632 469 716 separari
512 653 575 696 non
618 652 713 714 posse
745 632 1002 697 Reitzensteinus
1031 632 1107 696 mihi
1136 633 1238 717 probe
1267 631 1473 716 perspexisse

144 750 242 824 atque
271 748 383 822 argute
412 738 651 805 confirmavisse
680 738 815 823 videtur,
845 740 1032 805 Ciceronem
1062 741 1094 805 in
1132 724 1375 805 conscribendis
1416 760 1473 823 pa-

144 849 313 932 ragraphis
342 848 411 937 (33,
441 847 585 929 37-39,
615 847 670 923 46,
700 848 754 930 52,
783 842 938 938 54-56)
970 847 1041 911 libri
1070 843 1163 931 primi
1193 847 1234 911 de
1267 846 1392 928 legibus
1411 867 1472 929 po·

142 956 296 1021 tissimum
339 954 530 1020 Antiochum
573 949 763 1038 respexisse,
808 974 891 1036 quae
934 954 1043 1038 opinio
1087 955 1183 1020 etiam
1221 953 1328 1018 verbis
1370 952 1473 1036 ipsius

143 1062 308 1128 Ciceronis
336 1063 541 1128 confirmatur
568 1061 629 1144 (Cf.
662 1061 687 1128 I.
718 1065 737 1143 ξ
765 1062 846 1144 54),
876 1068 910 1126 nt
937 1081 1035 1145 supra
1063 1059 1211 1129 diximus.

247 1165 406 1252 Equidem
434 1167 700 1233 verisimillimum
729 1167 915 1252 iudicarem,
946 1169 1133 1235 Ciceronem
1163 1169 1244 1233 libro
1287 1168 1389 1251 primo
1427 1167 1470 1231 de

143 1277 268 1359 legibus
296 1276 469 1360 praecipue
498 1293 633 1358 operam
661 1295 799 1340 navasse
827 1297 912 1341 anno
941 1277 984 1344 45
1021 1297 1091 1341 cum
1112 1275 1259 1343 fortunae
1278 1273 1469 1356 gravissimo

141 1403 312 1469 percussus
353 1384 485 1448 vulnere
532 1389 562 1447 ct
604 1381 883 1448 administratione
925 1383 1121 1467 reipublicae
1154 1384 1316 1464 liberatus,
1346 1381 1470 1446 doloris

143 1491 337 1556 medicinam
371 1512 390 1554 a
426 1489 632 1574 philosophia
668 1497 781 1573 petens
823 1497 854 1554 et
883 1490 938 1555 otii
968 1490 1214 1556 oblectationem
1243 1489 1326 1555 hanc
1354 1489 1476 1553 hones-

141 1598 297 1665 tissimum
340 1596 487 1662 iudicans
524 1616 559 1661 se
600 1595 641 1661 ad
684 1593 792 1663 Musas
833 1597 1011 1663 severiores
1056 1598 1078 1664 i.
1110 1618 1138 1665 e.
1169 1597 1212 1663 ad
1240 1595 1467 1681 philosophiae

143 1704 395 1769 conscribendae
437 1703 576 1768 studium
618 1704 816 1789 contulisset,
860 1705 1015 1770 absolutis
1049 1706 1112 1770 iam
1141 1705 1231 1769 libris
1260 1703 1300 1768 de
1329 1708 1472 1787 oratore,

143 1802 183 1876 de
211 1812 338 1894 linibus,
370 1811 577 1892 academicis,
608 1810 648 1875 de
677 1810 876 1876 divinatione
906 1819 937 1876 et
965 1811 1005 1876 de
1033 1813 1112 1879 lato.
1143 1813 1180 1876 ln
1208 1812 1289 1876 libro
1310 1810 1413 1893 primo
1431 1808 1472 1873 de

142 1918 268 2000 legibus
295 1922 314 2000 ξ
343 1919 385 1985 ὑ2
414 1918 573 2002 respicere
601 1917 727 1982 videtur
755 1918 854 1982 libros
882 1918 923 1983 de
950 1919 1079 1999 finibus,
1115 1939 1196 2001 quos
1223 1919 1287 1982 iam
1317 1917 1367 1980 vel
1398 1937 1472 1981 con-

142 2026 269 2108 scripsit
310 2027 361 2090 vel
403 2025 640 2108 conscripturus
677 2032 754 2107 erat,
784 2025 833 2090 his
862 2025 982 2092 verbis:
1014 2026 1055 2090 ad
1084 2027 1179 2092 finem
1208 2027 1375 2106 honorum,
1407 2043 1471 2105 quo

142 2131 321 2196 referuntur
357 2140 389 2197 et
430 2134 545 2214 quoius
587 2132 753 2216 apiscendi
787 2152 885 2198 causa
913 2139 987 2198 suut
1015 2133 1164 2198 facienda
1193 2132 1310 2214 omnia,
1341 2138 1467 2195 contro·

142 2259 266 2304 versam
296 2258 362 2303 rem
392 2245 423 2304 et
450 2239 580 2323 plenam
609 2238 836 2304 dissoussionis
863 2236 947 2306 inter
979 2238 1271 2324 doctissimos-sed
1291 2234 1469 2320 aliquando

143 2345 359 2429 iudicandam,
404 2345 522 2410 deinde
563 2345 619 2410 illa
657 2345 772 2427 quihus
805 2347 942 2424 Quintus
970 2347 1156 2431 respondit:
1190 2347 1319 2427 „licebit
1347 2341 1468 2410 alias“.

142 2455 232 2518 Haec
274 2450 402 2535 quoque
439 2453 537 2517 verba
579 2452 650 2517 libri
685 2451 725 2518 de
753 2453 806 2520 fin.
839 2455 863 2536 l,
896 2457 932 2519 ll
964 2453 1196 2519 adhaerescere
1224 2452 1388 2518 videntur:
1421 2451 1472 2516 his

140 2560 233 2624 libris
261 2548 432 2643 quaeritur,
462 2559 515 2641 qui
545 2558 586 2624 sit
612 2559 685 2624 finis
714 2560 791 2642 quid
821 2569 997 2627 extremum
1033 2599 1069 2608 ·-
1093 2582 1156 2643 quo
1176 2562 1240 2626 sint
1259 2553 1368 2625 omnia
1387 2558 1473 2623 bene

142 2667 270 2731 vivendi
314 2674 462 2749 recteque
499 2665 639 2732 faciendi
676 2663 812 2733 consilia
840 2668 1010 2734 referenda
1040 2707 1073 2716 -
1108 2655 1240 2751 quade
1269 2687 1302 2731 re
1331 2686 1402 2730 cum
1431 2666 1474 2730 sit

143 2775 226 2839 inter
254 2774 456 2840 doctissimos
483 2794 609 2839 summa
636 2773 793 2840 dissensio
824 2796 852 2840 e.
884 2796 916 2857 q.
947 2796 972 2841 s.
1001 2775 1074 2842 Non
1103 2777 1172 2840 sine
1192 2775 1222 2839 vi
1242 2775 1323 2838 haec
1343 2791 1473 2854 quoquo

143 2882 242 2946 verba
270 2881 380 2959 Quinti
409 2887 483 2946 sunt
510 2885 542 2963 (ξ
570 2874 647 2972 56);
677 2902 750 2946 nam
780 2882 842 2946 ista
870 2868 1000 2965 quidem
1037 2903 1156 2965 magna
1189 2881 1377 2946 diiudicatio
1409 2886 1470 2957 est,

143 2995 178 3052 ul
205 3009 245 3052 ex
273 2995 304 3052 te
334 2988 403 3072 ipso
432 3007 531 3071 saepe
559 2988 715 3070 cognovi:
745 2996 810 3053 tum
839 2990 895 3054 illa
922 2985 1018 3055 Attici
1048 2992 1102 3071 qui
1131 2994 1150 3071 ξ
1178 2995 1198 3056 b
1227 2989 1299 3053 libri
1320 2986 1414 3070 primi
1431 2987 1473 3051 de

145 3095 270 3177 legibus
299 3096 404 3159 verbis
434 3094 599 3160 Ciceronis
627 3114 667 3158 ex
696 3115 794 3181 opere
816 3096 863 3168 vde
892 3104 1018 3161 oratore
1046 3097 1161 3162 utitur:
1191 3098 1284 3161 abest
1311 3094 1397 3159 cuim
1428 3089 1472 3160 hi·

19 3294 23 3300 .
144 3202 243 3266 storia
275 3202 388 3266 litteris
430 3201 557 3282 nostrie,
586 3209 620 3265 ut
648 3202 776 3285 etipse
804 3202 957 3285 intellego
987 3210 1018 3268 et
1046 3224 1086 3268 ex
1114 3211 1145 3268 te
1174 3222 1332 3286 persaepe
1370 3199 1470 3266 audio

144 3309 292 3373 conferas
329 3309 442 3373 librum
480 3308 513 3373 ΙΙ
541 3307 581 3372 de
610 3329 656 3375 or.
687 3313 706 3389 ἕ
736 3309 804 3376 55:
835 3309 966 3375 Minime
995 3312 1120 3383 mirum,
1159 3311 1262 3393 inquit
1295 3308 1472 3390 Antonius,

146 3417 173 3480 si
202 3417 263 3480 ista
292 3436 343 3480 res
371 3416 529 3500 (historia)
559 3414 665 3480 adbuc
706 3423 816 3481 nostra
857 3413 969 3499 lingua
1010 3418 1170 3485 illustrata
1201 3438 1265 3482 non
1295 3422 1343 3480 est
1347 3464 1472 3481 ......

144 3523 263 3606 quippe
305 3544 375 3588 cum
417 3529 458 3587 sit
499 3542 580 3605 opus
617 3530 651 3586 ut
692 3523 749 3587 tibi
778 3523 908 3606 quidem
936 3523 1037 3588 videri
1067 3526 1158 3606 solet,
1189 3544 1285 3588 unum
1315 3523 1375 3586 hoo
1404 3543 1474 3586 ora·

144 3631 260 3695 torium
291 3629 448 3713 maxime3
485 3630 518 3695 in
556 3631 637 3694 libro
672 3629 714 3694 de
752 3652 797 3697 or.
828 3633 859 3696 ll
887 3636 907 3714 ξ
935 3632 1009 3712 51,:
1044 3634 1132 3713 „Age
1160 3652 1247 3715 vero,
1277 3630 1382 3712 inquit
1411 3631 1475 3693 hn-

144 3741 260 3811 tcnius,
292 3737 395 3819 qualis
425 3737 559 3802 oratoris
589 3744 620 3801 et
648 3738 757 3819 quanti
788 3738 926 3803 hominis
954 3738 987 3801 in
1016 3737 1154 3803 dicendo
1184 3747 1278 3822 putas
1315 3757 1386 3801 esse
1423 3736 1473 3800 hi-

144 3844 272 3909 storiam
302 3844 468 3909 scribere‘?
497 3851 528 3908 et
557 3843 597 3908 de
626 3852 752 3909 oratore
781 3846 812 3909 ll
839 3849 858 3927 ξ
888 3846 949 3912 62:
980 3844 1149 3929 videtisne,
1180 3853 1333 3927 ‹luantum
1355 3863 1472 3908 munus

143 3951 184 4016 sit
212 3952 347 4016 oratoris
380 3951 538 4016 historia?
570 3946 803 4032 Interrogatum
831 3953 873 4017 ab
902 3952 1006 4017 Attico
1035 3956 1055 4034 ἕ
1082 3953 1126 4019 c4
1154 3973 1230 4017 num
1264 3951 1474 4016 assentiretur

144 4058 302 4123 Antiocho
331 4079 402 4124 cum
431 4057 651 4142 respondisset
678 4077 713 4121 se
742 4079 816 4124 mox
843 4059 984 4124 visurum
1012 4078 1088 4123 num
1118 4061 1149 4124 in
1179 4056 1327 4126 omnibus
1364 4077 1476 4123 asserr-

144 4167 239 4230 tiatur
267 4185 379 4246 necne,
409 4186 473 4229 non
502 4164 590 4229 aliud
620 4184 700 4248 opus
728 4165 788 4230 nisi
817 4165 1013 4231 Academica
1041 4167 1086 4249 (in
1115 4150 1230 4249 quibus
1259 4166 1298 4231 dc
1333 4185 1474 4246 coguos-

144 4273 238 4338 cendi
267 4274 448 4356 praeceptis
477 4278 639 4354 ageretur)
665 4268 823 4356 intellegi
840 4273 981 4339 voluisse
1009 4274 1182 4339 verisimile
1211 4282 1268 4339 est.
1309 4274 1472 4351 Quantum

143 4388 249 4445 autem
290 4379 370 4443 illud
411 4380 518 4444 valeat
554 4379 595 4444 ad
640 4379 856 4445 deliniendam
894 4381 987 4446 huius
1024 4381 1095 4446 libri
1138 4388 1285 4465 aetatem,
1322 4380 1409 4462 quod
1439 4381 1472 4445 in

144 4487 282 4572 epistula
323 4486 366 4552 ad
406 4486 545 4554 Atticum
572 4488 653 4554 Xlll
684 4484 728 4557 19
757 4508 842 4554 anno
870 4490 914 4554 45
942 4487 1061 4572 scripta
1090 4488 1202 4554 Cicero
1232 4488 1387 4573 declarat,
1417 4508 1475 4553 cur
