3248 5190
225 214 269 280 24

225 423 358 493 vidisset
386 420 537 487 ardentes
565 429 630 488 tum
660 424 848 509 cupiditate,
878 429 942 489 tum
972 430 1058 491 metu
1087 447 1117 494 e.
1147 446 1176 507 q.
1199 442 1226 492 s.
1255 419 1413 487 Antonius
1444 428 1559 492 consul

227 535 297 600 eius
325 529 411 612 anni,
441 549 504 610 quo
534 529 655 596 Caesar
682 532 869 597 interfectus
898 538 955 616 est,
984 534 1069 598 vitae
1088 553 1166 599 suae
1186 532 1298 597 timere
1318 529 1438 616 debuit,
1460 553 1559 616 quem

228 641 448 706 coniuratores
476 638 611 703 consilia
638 659 698 704 sua
716 639 961 723 diligentissime
981 641 1159 720 celassent;
1181 646 1213 705 at
1233 637 1328 702 etiarn
1349 657 1560 720 percussores

228 745 377 813 Caesaris
418 748 521 809 metus
562 745 689 834 invasit,
718 767 789 812 cum
817 747 970 830 populum
999 747 1131 833 impium
1175 767 1213 812 ac
1246 744 1401 810 nefarium
1431 747 1561 813 facinus

225 855 356 920 minime
399 852 632 935 approbantem
673 853 841 936 vidissent,
886 873 1020 934 quorum
1062 857 1183 939 primus
1225 852 1372 918 crudeles
1399 847 1560 937 perfidiae

227 980 350 1047 poenas
378 958 468 1023 dedit
494 959 676 1026 Trebonius
704 981 724 1026 a
751 960 924 1026 Dolabella
953 963 1077 1026 occisus
1119 959 1232 1030 Cicero
1266 960 1349 1025 euim
1388 978 1460 1050 cum
1501 962 1558 1028 de·

228 1074 357 1154 sperata
384 1066 531 1131 libertate
560 1087 595 1132 se
622 1069 740 1134 frustra
766 1069 825 1134 niti
853 1068 992 1136 vidisset
1019 1090 1124 1152 neque
1152 1068 1284 1135 Antonii
1313 1069 1476 1134 veteranis
1492 1077 1558 1135 lam

226 1179 382 1242 rationem
412 1192 507 1254 quam
537 1173 636 1240 fortes
663 1175 782 1243 milites
809 1175 957 1240 resistere
986 1197 1092 1261 posse,
1120 1177 1224 1242 Roma
1252 1175 1363 1240 relicta
1396 1176 1427 1240 iu
1459 1177 1559 1242 Grae·

226 1285 308 1350 ciarn
338 1281 538 1367 prolecturus
565 1283 669 1348 ventis
697 1282 842 1348 adversis
869 1282 1032 1365 Rhegium
1061 1283 1198 1350 reiectus
1227 1292 1284 1364 est,
1314 1290 1379 1346 turn
1408 1304 1428 1346 a
1457 1285 1557 1349 Bruto

228 1412 263 1458 so
305 1388 432 1456 exorari
469 1408 583 1472 passus
623 1389 759 1458 Romam
797 1390 893 1456 rediit
930 1400 1027 1473 atque
1055 1391 1252 1476 reipublicae
1281 1371 1557 1456 servandae‘non

227 1499 292 1565 odii
322 1498 370 1563 sui
400 1495 553 1579 expiandi
582 1517 680 1564 causa
706 1497 740 1561 iu
768 1497 942 1563 Antonium
970 1497 1115 1563 invectus
1153 1504 1209 1565 est.

334 1600 442 1681 Quid?
470 1603 497 1667 si
526 1603 660 1670 victoria
688 1603 729 1670 de
758 1605 898 1670 Antonio
927 1603 969 1669 ad
998 1606 1115 1670 Forum
1146 1604 1310 1670 Gallorum
1340 1611 1506 1688 reportata
1527 1613 1558 1670 et

228 1713 353 1795 magnis
394 1711 683 1794 supplicationibus
726 1712 863 1777 decretis
906 1712 1017 1778 Cicero
1051 1733 1116 1777 non
1145 1713 1249 1796 potuit
1275 1712 1450 1776 Antonium
1481 1721 1557 1778 aute

227 1822 337 1886 oculos
375 1817 494 1882 habere
533 1817 655 1905 dicens,
689 1839 724 1884 se
753 1839 791 1884 eo
820 1819 925 1883 minus
952 1820 1080 1903 longius
1107 1821 1322 1884 insonaturum
1353 1809 1461 1912 (esse),
1494 1840 1557 1902 quo

226 1930 298 2013 plus
326 1945 502 2012 poenarum
531 1925 659 2011 habeat,
690 1947 786 2009 qurum
814 1927 973 2011 petiverit.
1003 1928 1053 1991 Ita
1081 1945 1209 2009 quoque
1237 1927 1308 1991 iaus
1336 1927 1472 2010 Sulpicii
1502 1928 1557 2009 qui

227 2035 369 2101 malebat
395 2033 629 2099 controversias
657 2036 781 2118 tollere,
811 2054 907 2116 quam
927 2033 1028 2098 litium
1048 2035 1193 2099 actiones
1211 2033 1377 2098 instituere
1399 2035 1556 2126 (Philipp.

226 2144 274 2208 IX
307 2133 359 2236 10)
388 2139 495 2205 reddit
523 2141 660 2207 eandem
689 2141 880 2208 sententiam
910 2141 951 2206 de
978 2141 1105 2224 legibus
1133 2142 1157 2224 Ι,
1198 2137 1242 2208 18
1287 2160 1475 2223 expressam
1510 2179 1554 2190 -

146 2247 155 2252 ”
227 2250 309 2315 haee
351 2247 459 2312 omnia
500 2246 580 2312 nihil
622 2245 711 2315 aliud
753 2249 973 2313 demonstrant
1009 2248 1070 2314 nisi
1099 2248 1237 2313 eundem
1266 2248 1455 2331 scriptorem
1485 2269 1557 2314 esse

152 2422 160 2430 ,
228 2357 407 2422 orationum
450 2355 700 2439 Philippicarum
742 2363 774 2421 et
814 2355 966 2420 librorum
1011 2356 1051 2420 de
1092 2356 1228 2438 legibus.
1275 2354 1369 2432 Quod
1409 2356 1558 2421 similiter

229 2457 383 2559 (Philipp.
425 2463 472 2526 XI
514 2463 568 2542 28)
610 2483 648 2528 ac
690 2464 722 2528 in
750 2462 839 2527 libris
868 2461 909 2526 de
936 2463 1000 2544 leg.
1030 2463 1045 2526 1
1078 2464 1115 2528 18
1143 2470 1174 2528 et
1202 2462 1244 2544 ΙΙ,
1277 2461 1297 2528 8
1328 2463 1379 2526 lex
1407 2469 1557 2530 vocatur:

228 2578 316 2636 reeta
344 2578 376 2634 et
404 2590 424 2632 a
450 2571 580 2634 numine
609 2571 750 2636 Deorum
779 2577 881 2635 tracta
908 2570 1002 2654 ratio,
1032 2571 1194 2654 imperans
1209 2570 1357 2651 honesta,
1379 2570 1556 2653 prohibens
1612 2618 1614 2623 .

228 2678 400 2759 contraria,
443 2676 477 2740 id
519 2676 711 2743 documento
750 2683 807 2761 est,
837 2677 1006 2743 tractanda
1034 2677 1252 2762 disputatione
1281 2676 1321 2741 de
1349 2677 1476 2759 legibus
1508 2678 1557 2742 Ci-

227 2786 336 2852 ceroni
365 2805 435 2849 earn
466 2783 683 2850 definitionem
713 2785 862 2850 usitatam
892 2785 1009 2851 laetam
1039 2805 1121 2851 esse.
1152 2787 1325 2851 Praeterea
1352 2785 1412 2848 nisi
1442 2805 1502 2869 per
1522 2804 1556 2849 se

227 2892 371 2974 intellegi
400 2899 519 2975 posset,
548 2888 614 2957 lieri
650 2893 821 2973 aliquoties
849 2891 999 2956 debuisse
1027 2893 1060 2957 in
1089 2900 1153 2956 tam
1192 2898 1348 2974 occupata
1390 2891 1558 2957 Ciceronis

229 3001 304 3082 vita,
348 3006 381 3063 ut
422 2999 514 3082 plura
555 2999 796 3064 instituerentur
839 3019 935 3081 quam
973 2999 1225 3082 absolverentur,
1255 3000 1324 3082 ipse
1352 2998 1470 3063 fatetur
1500 2997 1556 3087 (de

229 3103 293 3189 leg.
325 3107 340 3169 Ι
384 3105 421 3190 3)
450 3126 485 3169 se
513 3126 618 3188 neque
646 3114 710 3171 tam
740 3106 835 3171 facile
863 3107 1041 3189 interrupta
1070 3115 1240 3171 contexere
1270 3127 1364 3187 quam
1385 3107 1556 3171 absolvere

228 3214 383 3297 instituta,
402 3213 489 3277 unde
517 3215 669 3295 colligere
697 3214 771 3278 licet
800 3213 987 3278 Ciceronem
1016 3214 1109 3277 simul
1139 3235 1177 3278 ac
1206 3235 1271 3278 rem
1300 3214 1441 3294 aliquam
1473 3233 1556 3278 eom-

228 3319 444 3407 prehenderit,
474 3320 537 3386 cito
566 3321 768 3386 conformare
796 3322 923 3385 solitum
953 3339 1024 3384 esse
1066 3321 1179 3401 ltaque
1208 3321 1333 3385 etiamsi
1378 3320 1556 3384 Antonium

229 3434 413 3513 spectarent
457 3426 571 3493 eadem
614 3429 712 3492 rerba
754 3447 792 3492 ac
829 3427 1008 3492 sententiae
1037 3447 1077 3491 ex
1106 3448 1203 3510 opere
1233 3428 1273 3492 de
1301 3427 1426 3514 iegibus
1456 3435 1559 3492 etex

68 3566 71 3573 ·
175 3532 179 3536 ’
230 3534 432 3602 orationibus
470 3535 658 3619 Philippicis
687 3557 705 3599 a
735 3535 919 3600 doctissimo
961 3534 1200 3599 Reitzensteino
1231 3536 1368 3600 collatae
1401 3571 1436 3580 -
1470 3534 1559 3615 quod

229 3642 391 3709 nonnullis
425 3643 518 3706 rebus
560 3662 680 3724 negare
722 3662 820 3723 cogor
862 3680 911 3688 -
954 3648 1061 3706 tamen
1104 3641 1224 3706 eisdem
1268 3641 1465 3724 argumentis
1503 3641 1558 3705 vix

229 3750 407 3816 adducerer
421 3757 454 3813 ut
469 3750 631 3814 crederem
653 3750 750 3814 libros
766 3749 807 3814 de
827 3748 963 3830 legibus,
995 3749 1049 3830 qui
1079 3768 1179 3831 usque
1207 3749 1249 3814 ad
1278 3768 1408 3814 vernum
1430 3755 1558 3832 tempus

229 3858 303 3923 anui
350 3859 394 3923 45
435 3857 468 3920 in
511 3856 676 3922 Ciceronis
716 3856 828 3921 forulis
869 3855 1036 3939 inperfecti
1079 3857 1240 3939 latuerint,
1289 3863 1403 3940 postea
1450 3855 1557 3920 denuo

229 3972 395 4048 susceptos
433 3970 533 4046 atque
580 3964 693 4028 eodem
735 3983 820 4027 auno
862 3983 1012 4046 suprema
1054 3983 1149 4027 manu
1192 3967 1342 4048 imposita
1389 3982 1449 4026 uec
1491 3984 1557 4027 non

228 4073 340 4156 paucis
369 4071 489 4136 additis
528 4093 593 4136 una
630 4091 700 4136 cum
743 4070 941 4135 orationibus
982 4071 1170 4154 Philippicis
1212 4073 1245 4135 iu
1287 4073 1388 4136 luceru
1419 4071 1558 4134 emissos

229 4178 339 4244 luisse.
387 4178 469 4245 Nam
517 4187 550 4243 ut
597 4179 709 4243 Cicero
756 4177 933 4241 orationem
981 4178 1193 4260 Philippioam
1240 4179 1271 4242 ll
1318 4178 1422 4241 Attico
1472 4180 1559 4241 misit

229 4288 319 4351 euius
353 4285 607 4350 coustodieudae
641 4293 672 4348 et
704 4281 919 4367 proferendae
957 4286 1087 4348 arbitrio
1118 4288 1186 4349 eius
1214 4287 1413 4369 permisisset
1453 4287 1499 4347 ita
1529 4292 1561 4348 ct

229 4393 288 4458 bos
334 4393 432 4458 libros
479 4392 519 4458 de
566 4393 690 4474 legibus
736 4391 787 4455 vel
825 4393 921 4455 Attici
963 4390 1017 4456 vel
1055 4393 1167 4456 Tironi
1208 4412 1266 4457 suo
1300 4390 1446 4456 edendos
1475 4414 1560 4456 coru-

230 4503 354 4565 mittere
378 4502 491 4584 potuit,
1082 4508 1087 4515 '
1503 4505 1504 4508 ’
