3248 5190
1403 426 1444 494 ls

110 664 180 716 rem
217 644 333 712 iisdem
369 645 437 712 fere
474 645 581 712 verbis
618 645 778 730 explicat:
817 645 876 711 Est
911 645 944 709 in
983 642 1121 727 collegio
1164 649 1283 724 vestro,
1327 642 1441 727 inquit,

108 756 234 820 Atticus
261 756 344 820 inter
372 755 557 820 Marcellum
601 761 632 818 et
660 754 801 838 Appium
830 753 969 837 optimos
988 772 1127 834 augures
1146 772 1265 834 magna
1283 752 1443 818 dissensio

110 900 160 911 -
191 884 266 927 nam
295 883 405 928 corum
435 882 496 944 ego
525 862 558 927 in
587 862 686 926 libros
713 860 812 926 incidi
845 899 881 908 -
913 881 984 926 cum
1013 861 1105 926 alteri
1134 862 1262 944 placeat
1299 861 1444 943 auspicia

108 972 172 1036 ista
200 969 242 1034 ad
280 970 449 1034 utilitatem
489 989 560 1034 esse
599 969 790 1053 composita,
819 966 911 1034 alteri
941 968 1113 1052 disciplina
1140 973 1246 1033 vestra
1275 968 1367 1050 quasi
1396 967 1444 1032 di·

111 1078 223 1143 vinare
260 1076 408 1142 videatur
445 1095 575 1161 prorsus
613 1082 743 1160 possc‘.
788 1075 979 1158 Quicunque
1007 1059 1123 1140 librum
1152 1076 1286 1159 primum
1318 1075 1443 1158 legcrit,

85 1191 317 1270 perspectum
347 1185 490 1268 babebit,
520 1184 620 1249 libros
638 1183 690 1275 dc
718 1166 845 1269 legibus
874 1191 1018 1248 extrema
1046 1189 1165 1266 aetate,
1204 1202 1300 1264 quam
1330 1183 1443 1248 Cicero

110 1294 145 1357 in
187 1292 277 1356 libris
318 1291 562 1357 conscribendis
599 1268 844 1374 cqusumpsdit,
875 1291 989 1356 leviter
1016 1296 1205 1356 retractatos
1232 1289 1343 1375 fuisse,
1371 1311 1443 1356 cum

112 1401 182 1485 ipse
209 1399 364 1464 interiora
389 1388 616 1483 philosophiae
636 1399 800 1482 explanet,
822 1399 961 1463 confisus
980 1399 1117 1464 lectores
1136 1417 1212 1463 suos
1230 1419 1296 1463 non
1312 1398 1445 1480 ignaros

112 1527 184 1572 esse
227 1506 433 1572 terminorum
477 1506 695 1572 technicorum
724 1512 757 1571 et
784 1505 943 1590 principia
970 1505 1150 1590 principum
1178 1505 1444 1590 philosophorum

110 1614 195 1680 bene
224 1615 265 1679 ab
294 1614 334 1679 iis
372 1613 474 1681 nosci.
512 1615 598 1680 Num
631 1620 737 1678 autem
767 1612 946 1706 Octaviano
975 1633 1080 1678 rerum
1109 1612 1211 1698 potito
1241 1633 1322 1696 opus
1351 1614 1444 1679 Cice-

110 1723 199 1788 ronis
237 1721 278 1786 dc
320 1721 447 1804 legibus
482 1720 603 1787 editum
631 1721 727 1786 luerit
754 1741 820 1785 non
848 1726 955 1805 potest
982 1720 1077 1785 aliter
1104 1720 1274 1785 diiudicari
1302 1720 1363 1786 nisi
1392 1720 1446 1786 ria

109 1850 148 1894 ac
177 1829 303 1895 ratione
330 1828 558 1913 progrediatur
586 1835 617 1893 et
646 1829 750 1910 magis
778 1829 811 1893 in
839 1828 944 1912 ipsum
964 1847 1046 1912 opus
1064 1828 1209 1908 intretur,
1230 1834 1265 1893 ut
1283 1828 1445 1893 elucescat

110 1957 151 2002 cx
193 1956 256 2019 quc
299 1936 389 2003 fonte
427 1933 660 2020 explicationes
697 1934 941 2021 philosophicae
970 1935 1192 2001 emanaverint
1232 1936 1279 2000 Ac
1308 1937 1443 2020 primum

110 2043 240 2127 quidem
255 2044 370 2109 librum
386 2043 524 2128 primum
536 2042 576 2108 de
591 2043 718 2126 legibus
732 2064 803 2109 cum
820 2043 953 2125 reliquis
969 2043 1094 2108 duobus
1105 2063 1170 2108 nou
1181 2050 1249 2108 arte
1260 2044 1444 2125 cohaerere,
1530 2051 1534 2055 '

110 2171 216 2233 neque
245 2158 435 2236 argumenta
464 2151 605 2217 omnium
635 2151 727 2215 trium
758 2151 910 2216 librorum
940 2157 974 2215 ut
1003 2169 1135 2216 necesse
1164 2156 1250 2215 esset
1283 2150 1444 2215 communi

112 2257 197 2322 inter
214 2278 249 2322 se
277 2259 405 2323 vinculo
434 2259 602 2342 contineri,
632 2259 757 2342 primus
785 2257 863 2323 mihi
892 2254 1022 2340 quidem
1059 2257 1228 2342 Adelphus
1257 2256 1299 2322 du
1327 2258 1442 2323 Mcsnil

112 2364 297 2430 acutissime
316 2367 519 2450 perspexisse
538 2365 673 2448 videtur,
695 2385 790 2448 quam
806 2366 999 2430 sententiam
1017 2347 1217 2430 confirmavit
1241 2364 1445 2430 doctissimus

111 2471 369 2538 Reitzensteinus
398 2482 495 2556 atque
523 2473 752 2539 animadvortit
780 2473 944 2555 dialogum
974 2472 1015 2538 de
1043 2473 1170 2556 legibus
1198 2472 1274 2538 inde
1308 2494 1328 2538 a
1360 2473 1443 2538 libro

66 2567 68 2572 ¹
110 2578 255 2644 secundo
298 2601 396 2664 opere
439 2582 480 2646 de
523 2581 689 2665 republica
722 2581 781 2646 niti
808 2588 842 2671 et
870 2601 1065 2662 unaquaque
1093 2581 1166 2664 lege
1195 2587 1446 2645 commemorata

109 2687 297 2751 memoriam
327 2688 536 2772 reipublicae,
567 2690 823 2779 magistratuum,
853 2708 1002 2771 quaeque
1030 2688 1168 2754 maiores
1206 2687 1445 2772 sapientissimo

110 2793 324 2860 instituissent
366 2802 398 2861 et
439 2797 625 2879 coluissent,
668 2796 824 2880 revocari,
858 2833 895 2842 —
927 2815 1061 2878 quorum
1089 2795 1122 2860 in
1151 2795 1232 2860 libro
1262 2795 1363 2879 primo
1393 2816 1446 2860 ex·

110 2907 204 2985 cepta
232 2897 452 2986 disputatione
481 2904 522 2968 de
550 2903 671 2969 iustitia
699 2903 819 2969 mentio
849 2924 914 2967 non
941 2904 987 2971 fit.
1026 2903 1140 2984 Itaque
1159 2902 1285 2967 initium
1305 2902 1365 2968 sibi
1394 2923 1445 2968 ca·

110 3007 265 3091 piendum
296 3030 316 3074 a
344 3009 511 3076 Ciceronis
552 3011 634 3076 libro
677 3010 820 3076 secundo
856 3016 958 3094 putat,
993 3009 1083 3075 ouius
1112 3010 1144 3074 in
1174 3009 1307 3075 exordio
1336 3010 1444 3076 statim

108 3116 214 3181 locum
244 3125 474 3200 congruentem
503 3118 610 3184 verbis
639 3125 671 3183 et
698 3117 867 3184 sententiis
895 3137 966 3182 cum
995 3117 1157 3201 Scipionis
1183 3117 1290 3182 verbis
1329 3116 1370 3183 dc
1399 3139 1444 3183 re·

108 3222 240 3307 publica
267 3225 294 3288 Ι.
327 3223 374 3292 56
404 3246 501 3292 nemo
530 3226 744 3310 impugnabit.
776 3224 900 3304 Quibus
929 3225 1035 3290 verbis
1065 3224 1178 3290 (liceto
1199 3224 1344 3290 definivit
1364 3225 1443 3309 quid

110 3330 151 3394 sit
196 3331 248 3395 lex
291 3330 344 3414 (de
387 3333 450 3417 leg.
491 3334 533 3400 Il.
575 3331 624 3414 8.)
663 3333 777 3398 eadem
805 3332 995 3417 reppetiisse
1024 3331 1152 3399 videtur
1179 3353 1220 3397 ex
1247 3332 1320 3398 libri
1349 3333 1443 3418 primi

115 3435 187 3529 (18)
218 3438 364 3506 exordio.

218 3545 331 3612 Cicero
369 3554 469 3613 totam
512 3547 764 3631 disputationem
808 3565 942 3612 exorsus
978 3546 1019 3610 ab
1048 3546 1105 3610 illa
1133 3547 1328 3630 sempiterna
1357 3549 1443 3629 loge,

110 3671 194 3733 quac
223 3673 282 3718 neo
310 3654 473 3720 hominum
505 3656 689 3737 excogitata
716 3654 856 3736 ingeniis
885 3661 944 3739 est,
988 3673 1048 3718 nec
1076 3654 1189 3719 scitum
1223 3653 1355 3736 aliquod
1384 3675 1443 3738 po1

110 3759 267 3842 pulcrum,
311 3761 370 3827 scd
411 3769 577 3827 aeternum
621 3761 786 3843 quiddam,
824 3761 912 3843 quod
946 3761 1127 3827 universum
1157 3761 1309 3826 mundum
1340 3768 1441 3846 regat,

109 3865 290 3948 imperandi
318 3869 576 3953 prohibendique
605 3871 777 3954 sapientia,
808 3867 945 3934 eandem
975 3869 1234 3952 explanationem
1257 3889 1295 3934 ac
1315 3868 1444 3934 distinc-

109 3972 230 4038 tionem
268 3977 412 4057 pluribus
451 3977 557 4041 verbis
595 3997 634 4043 ac
662 3977 832 4042 sententiis
859 3977 893 4041 iu
920 3977 1002 4041 libro
1031 3977 1073 4041 Il.
1104 3976 1125 4040 4
1153 3976 1199 4041 ita
1226 3982 1378 4042 retractat
1406 3997 1444 4042 ac

109 4079 137 4143 si
167 4079 208 4145 de
237 4081 351 4147 cadem
382 4104 415 4148 re
444 4084 475 4147 in
505 4083 586 4150 libro
615 4083 719 4169 primo
748 4105 813 4149 non
842 4085 974 4167 egisset,
1004 4083 1113 4166 itaque
1155 4083 1268 4149 merito
1296 4083 1444 4149 Reitzen-

108 4186 232 4252 steinus
260 4196 352 4272 putot
380 4191 496 4255 librum
524 4191 556 4256 Il
584 4196 624 4274 ἐξ
656 4191 766 4258 8-16
795 4212 861 4256 non
890 4210 961 4257 esse
989 4211 1010 4256 a
1038 4191 1194 4256 (iicorone
1228 4191 1309 4256 libro
1339 4190 1443 4278 primo

109 4294 329 4361 continuatum
358 4318 419 4362 nec
446 4298 600 4381 iunctum,
630 4292 798 4364 cumtota
826 4319 877 4364 res
907 4319 946 4364 ex
975 4298 1055 4363 libro
1094 4298 1197 4382 primo
1238 4299 1269 4362 in
1305 4296 1442 4363 eandem

108 4404 305 4468 sententiam
347 4412 501 4488 tanquam
533 4427 617 4471 nova
659 4408 797 4491 repetita
825 4413 922 4474 essct.
952 4406 1066 4488 Neque
1099 4405 1178 4470 illud
1205 4405 1440 4471 Reitzenstelni

108 4511 222 4591 negari
251 4518 367 4596 potest,
398 4512 587 4578 Ciceronem
602 4514 779 4579 sententias
807 4533 894 4597 suas,
924 4531 1005 4595 quas
1032 4513 1065 4578 iu
1095 4532 1193 4596 opere
1213 4513 1254 4579 de
1274 4512 1443 4597 republica

108 4610 321 4700 exposuisset,
364 4619 396 4683 in
439 4619 573 4685 exordio
617 4621 689 4684 libri
728 4622 759 4684 ll
801 4619 841 4686 de
885 4620 1012 4703 legibus
1054 4619 1241 4687 dilatavisse
1283 4625 1380 4702 atque
1408 4620 1441 4684 in

107 4721 253 4792 intimam
295 4725 546 4814 disputationem
589 4727 726 4795 venisse.
769 4729 883 4811 Itaque
923 4727 1010 4810 quod
1051 4727 1310 4794 Reitzensteinus
1344 4725 1443 4793 elficit
