3248 5190
202 230 225 298 4

703 390 714 421 1,

204 444 396 530 disciplinae
416 440 640 528 respiciendae
660 420 762 527 erant,
779 442 1022 529 Epicureorum,
1038 442 1228 528 Stoicorum,
1249 442 1534 528 Peripateticorum

204 561 237 620 et
278 551 557 618 Academicorum.
603 551 683 617 Cum
726 552 788 617 hac
830 572 942 618 omnes
982 551 1015 617 in
1058 571 1181 617 summo
1219 554 1304 618 bono
1335 552 1533 634 exquirendo

145 672 148 679 '
205 659 370 727 assiduum
413 658 553 724 studium
597 659 847 724 collocavissent
874 680 913 725 ae
940 678 1042 749 prope
1070 680 1134 725 una
1166 659 1300 724 Romam
1320 656 1534 742 instruxissent,

204 789 269 834 non
299 774 347 831 est
374 765 611 848 admirandum,
642 767 730 848 qrrod
759 767 871 832 Cicero
901 767 949 831 vir
976 787 1095 849 magna
1114 767 1261 833 doctrina
1290 767 1535 849 eruditioneque

204 874 370 959 praeditus
411 880 519 939 certae
561 873 688 939 cuidam
732 874 825 939 unius
868 874 1051 958 philosophi
1088 873 1280 959 disciplinae
1308 894 1343 939 se
1371 874 1535 939 addictum

206 987 491 1063 consecratumque
521 980 634 1060 noluit,
664 981 721 1046 sed
750 982 939 1064 praesertim
968 981 1124 1046 rationem
1157 981 1329 1064 gravitatis
1365 982 1533 1047 Romanae

156 1176 159 1181 .
205 1090 329 1155 habens
371 1088 413 1153 ad
456 1087 633 1154 doctrinam
676 1088 874 1172 eclecticam,
917 1096 1016 1154 totam
1054 1088 1096 1154 ad
1125 1089 1294 1154 utilitatem
1323 1097 1534 1173 spectantem¹

141 1281 145 1290 Ι
204 1197 383 1262 Stoicorum
414 1204 446 1261 et
472 1195 702 1279 Epicureorum
741 1196 991 1262 conciliatricem
1020 1195 1165 1279 confugit
1193 1204 1225 1262 et
1262 1217 1301 1261 ex
1340 1217 1535 1279 unaquaque

144 1356 147 1365 .
205 1323 245 1368 ea
284 1302 493 1389 deprompsit,
531 1322 614 1384 quae
649 1303 691 1368 ad
726 1323 831 1369 mores
858 1303 982 1370 Romae
1011 1303 1211 1370 ordinandos
1240 1304 1435 1369 conduceret
1463 1304 1538 1369 civi-

205 1404 328 1493 busque
357 1408 517 1496 prodesse
544 1417 655 1494 posset
695 1412 765 1477 Hoc
793 1413 865 1477 loco
894 1413 1069 1496 praeterire
1103 1432 1169 1476 non
1197 1430 1328 1496 possum
1358 1412 1435 1494 quin
1464 1432 1536 1476 sen·

206 1519 339 1585 tentiam
381 1516 523 1602 aperiam
566 1515 771 1584 doctissimos
809 1520 896 1585 viros
923 1520 1144 1584 Drumannum
1176 1525 1209 1586 et
1237 1520 1468 1584 Monrmsenum
1498 1539 1537 1584 ex

205 1644 311 1708 aequo
340 1624 381 1690 de
410 1624 567 1691 Cicerone
596 1624 789 1710 philosopho
819 1634 883 1693 non
912 1625 1073 1692 iudicasse
1104 1663 1153 1673 -
1183 1626 1279 1691 immo
1310 1647 1384 1690 vero
1415 1626 1475 1690 hac
1504 1627 1536 1690 in

206 1753 241 1798 re
269 1731 428 1798 assentiar
455 1732 596 1813 Zellero,
626 1733 812 1800 acutissimo
842 1739 983 1799 veterum
1012 1732 1237 1817 philosophiae
1270 1732 1453 1816 indagaturi
1482 1734 1537 1815 qui

207 1841 395 1906 Ciceronem
426 1839 556 1922 quidem
585 1841 718 1906 summis
745 1841 949 1925 philosophis
977 1861 1042 1906 non
1064 1861 1135 1907 esse
1154 1839 1431 1907 adnumerandum
1449 1840 1537 1924 dicit,

206 1948 264 2012 sed
293 1968 364 2012 eum
394 1947 514 2031 optime
542 1947 584 2012 de
612 1947 726 2013 litteris
755 1948 909 2015 Romanis
938 1947 1093 2014 meruisse
1121 1968 1186 2014 non
1207 1948 1303 2014 modo
1324 1947 1410 2030 quod
1431 1947 1537 2031 philo·

206 2054 352 2140 sophiam
379 2054 574 2120 Graecorum
618 2055 741 2122 civibus
782 2058 849 2122 suis
891 2055 1091 2146 transtulerit
1132 2056 1334 2140 posterisque
1362 2055 1538 2120 servaverit

207 2182 316 2228 verum
346 2161 443 2226 etiam
473 2161 560 2244 quod
579 2161 722 2250 linguam
743 2163 887 2248 latinam,
909 2162 1148 2229 infestissimam
1168 2169 1265 2246 atque
1285 2162 1538 2228 inimicissimam

208 2267 435 2358 philosophiae
463 2269 713 2335 conformaverit
739 2277 771 2335 et
799 2271 841 2335 ad
869 2269 1108 2354 philosophiae.
1125 2289 1216 2335 usum
1245 2269 1454 2355 perpoliverit

313 2375 379 2441 Sed
417 2395 458 2440 ne
496 2375 625 2458 longius
661 2376 916 2461 progrediamur,
959 2376 1028 2442 iure
1057 2379 1178 2462 optimo
1208 2378 1302 2445 nobis
1328 2384 1468 2443 statuere
1496 2377 1539 2440 vi-

208 2482 321 2548 demur
362 2483 503 2548 omniurn
549 2483 768 2550 Romanorum
812 2485 1001 2551 Ciceronem
1049 2484 1169 2569 optime
1203 2484 1243 2549 de
1271 2483 1478 2570 philosophia
1505 2483 1539 2548 in

208 2591 318 2655 urbem
346 2589 483 2675 Romam
514 2612 531 2656 e
562 2591 700 2658 Graecia
728 2592 953 2658 transferenda
981 2598 1013 2657 11
1042 2591 1243 2675 divulganda
1278 2592 1425 2658 meritum
1455 2610 1538 2656 esse.

313 2693 395 2764 Mihi
424 2698 554 2783 saepius
579 2718 663 2783 ,opus
694 2699 859 2769 Ciceronis
888 2699 941 2782 qui
972 2699 1012 2765 de
1041 2699 1168 2782 legibus
1196 2699 1381 2766 inscribitur
1417 2699 1539 2780 legenti

207 2803 309 2869 visum
340 2810 388 2869 est
414 2813 500 2871 recte
529 2827 572 2871 an
600 2827 780 2891 perperam,
810 2807 951 2873 dixerint
977 2807 1150 2891 sapientes,
1191 2827 1296 2889 neque
1329 2801 1538 2873 iniucundum

207 2931 313 2993 neque
355 2911 469 2977 inutile
510 2913 651 3007 futurum
692 2933 775 2996 esse,
819 2914 856 2997 si,
886 2914 1049 2978 nonnullis
1086 2914 1167 2979 locis
1196 2914 1269 2979 libri
1299 2913 1466 2979 Ciceronis
1495 2914 1537 2977 de

207 3018 332 3100 legibus
373 3020 542 3104 perpensis
583 3022 829 3104 retractatisque
867 3019 1063 3087 eruditorum
1106 3021 1245 3086 virorum
1280 3020 1321 3086 de
1350 3021 1411 3086 hoe
1440 3041 1540 3103 opere

209 3126 338 3211 scriptis
366 3127 417 3191 vel
446 3127 683 3212 scriptiunculis
725 3128 900 3195 decernere
928 3134 1063 3193 conatus
1091 3128 1204 3193 fuerim
1226 3149 1289 3213 quo
1306 3148 1390 3193 anne
1412 3148 1541 3210 quoquc

210 3233 345 3298 consilio
389 3232 501 3300 Cicero
545 3253 629 3319 opus
668 3235 709 3300 de
737 3235 863 3318 legibus
891 3235 1118 3319 conscripserit
1146 3245 1178 3302 et
1205 3257 1268 3319 quo
1298 3219 1394 3302 modo
1423 3236 1540 3300 librum

207 3339 342 3423 primum
372 3337 599 3425 composuerit.
642 3343 812 3431 Neminem
841 3345 942 3409 latere
970 3348 1047 3428 puto
1077 3344 1128 3409 vel
1156 3344 1210 3427 qui
1239 3343 1349 3426 aliqua
1377 3364 1416 3408 ex
1446 3350 1538 3426 parte

208 3446 326 3512 litteris
364 3447 473 3514 latinis
515 3449 628 3516 doctus
668 3450 722 3533 sit,
760 3451 823 3517 iam
861 3451 978 3519 multos
1005 3452 1092 3516 viros
1120 3451 1233 3517 doctos
1262 3471 1343 3536 opus
1372 3450 1540 3516 Ciceronis

209 3553 249 3619 de
291 3555 419 3636 legibus
456 3556 490 3621 in
532 3558 782 3624 controversiam
825 3578 969 3624 vocasse.
1006 3559 1177 3644 Plerique¹
1200 3559 1295 3642 eninr,
1330 3578 1540 3640 quoscunque

207 3662 400 3745 inspiciendi
443 3656 723 3748 perlustrandique
765 3665 860 3750 eopia
896 3665 992 3731 nobis
1033 3665 1120 3731 facte
1155 3673 1232 3748 erat,
1271 3665 1410 3731 maxime
1438 3666 1470 3728 in
1501 3686 1540 3729 eo

206 3770 323 3834 versati
348 3776 435 3854 sunt,
466 3779 500 3836 ut
528 3771 746 3857 ostenderent,
777 3773 964 3839 Ciceronem
994 3773 1055 3838 hoc
1084 3793 1166 3857 opus
1193 3772 1361 3857 scripsisse
1395 3772 1539 3863 sednon

209 3876 388 3942 confecisse
438 3879 583 3945 Fuerunt
621 3879 717 3944 etiam
751 3880 804 3961 qui
834 3879 978 3946 dicerent
1004 3880 1066 3945 hoc
1095 3900 1176 3964 opus
1205 3881 1303 3945 multo
1332 3879 1462 3945 serioris
1490 3900 1541 3944 ae-

208 3984 282 4048 tatis
324 4003 405 4066 esse,
449 3986 504 4051 alii
542 3993 649 4052 autern
688 3987 899 4073 comfirmant,
929 4007 985 4053 eos
1013 3983 1112 4054 libros
1141 4009 1161 4053 a
1190 3988 1347 4054 Cicerone
1375 4007 1540 4068 nunquam

208 4090 314 4156 editos
342 4090 441 4156 fuisse
469 4089 522 4160 vel
550 4102 636 4159 certe
666 4093 793 4159 demum
822 4101 897 4179 post
924 4094 1025 4160 libros
1054 4095 1095 4160 de
1124 4095 1335 4162 divinatione.
1375 4095 1478 4172 Quam
1507 4096 1540 4159 in

207 4218 274 4263 rem
303 4205 337 4264 ut
375 4201 554 4266 accuratius
583 4201 777 4284 inquirerem
814 4202 950 4285 primum
987 4201 1064 4267 mihi
1094 4202 1222 4285 quidem
1253 4222 1386 4268 neeesse
1415 4201 1543 4266 videtur

208 4305 406 4389 examinare,
452 4325 534 4388 quae
577 4328 678 4391 usque
720 4309 762 4373 ad
804 4316 948 4375 nostrum
990 4315 1117 4393 tempus
1156 4310 1197 4375 ab
1226 4310 1409 4376 hominibus
1438 4307 1542 4375 doctis

206 4412 334 4496 prolata
362 4413 426 4479 sint
453 4414 496 4479 ad
524 4416 607 4481 hane
635 4415 858 4499 quaestionem
887 4415 1137 4501 expediendam,
1168 4437 1230 4500 quo
1260 4437 1312 4482 res
1331 4416 1541 4501 planiorfrat,

112 4540 115 4545 ·
208 4526 362 4607 quantum
391 4521 437 4589 illi
465 4521 497 4590 in
528 4523 642 4591 haere
670 4523 839 4590 tractanda
867 4523 1074 4609 profecerint.
1104 4525 1178 4592 Jahn
1211 4523 1337 4609 pridem
1358 4524 1459 4607 probe
1480 4525 1542 4596 hoe
1594 4586 1597 4591 .
