3248 5190
181 196 216 268 ts

174 415 312 481 doceant
352 413 402 477 ius
439 419 470 476 et
504 408 653 478 iniurium
686 431 751 477 non
792 411 984 496 populorum
1013 410 1119 499 iussis,
1148 431 1209 478 nec
1236 410 1417 498 principum
1447 409 1504 478 de-

173 522 268 587 cretis
296 540 356 585 nec
384 519 550 584 sententiis
578 518 730 600 iudicum,
760 539 819 584 nec
848 520 1002 603 opinione
1032 525 1063 584 et
1091 519 1211 585 iudicio
1241 519 1403 585 bominum
1425 539 1499 584 con-

173 629 279 710 tineri,
310 626 367 690 sed
395 627 428 690 in
457 632 572 691 natura
599 626 706 710 posita
734 645 816 693 esse.
846 626 928 690 Inde
956 647 975 691 a
1008 627 1090 708 §44
1118 647 1236 692 novum
1274 634 1502 709 argumentum

172 735 268 800 latius
296 742 410 817 patens
438 733 562 817 incipit,
592 753 655 815 quo
697 732 933 799 demonstretur
976 754 1040 798 nou
1068 734 1170 799 solum
1208 735 1257 798 ius
1286 740 1318 798 et
1345 733 1499 798 iniuriam

173 849 287 907 natura
329 839 497 905 diiudicari
540 838 598 904 sed
636 841 766 906 omnino
796 841 906 906 omnia
934 841 1069 906 honesta
1098 848 1130 905 et
1158 841 1274 924 turpia.
1305 841 1500 905 Iniustitiam

172 956 296 1032 turpem
327 947 501 1032 putandam
530 947 668 1029 ideoque
698 967 768 1013 esse
795 947 984 1035 fugiendam
1013 949 1077 1012 iam
1106 954 1204 1014 antea
1232 937 1432 1014 declaratum
1454 954 1506 1013 est

176 1094 212 1104 —
244 1062 352 1137 restat,
382 1062 416 1119 ut
443 1055 665 1121 confirmetur:
697 1055 833 1120 honesta
861 1063 893 1120 et
921 1056 1027 1139 turpia
1055 1075 1120 1120 non
1149 1056 1182 1120 in
1212 1051 1366 1139 opinione
1394 1057 1504 1138 posita

174 1183 254 1246 esse,
284 1161 370 1245 quod
400 1161 520 1245 duplici
549 1161 645 1226 modo
675 1162 867 1245 explanatur
907 1162 1048 1226 Primum
1077 1162 1291 1229 assumtione:
1322 1180 1395 1226 nam
1417 1182 1504 1227 corn·

175 1291 286 1335 ruunes
328 1269 498 1334 inchoatae
540 1269 780 1351 intellegentiae
809 1271 840 1333 in
861 1271 1003 1334 omnium
1022 1270 1168 1334 similiter
1188 1269 1303 1334 animis
1321 1269 1502 1352 impressae

75 1406 78 1411 ·
174 1377 326 1462 efficiunt,
356 1384 390 1440 ut
417 1377 552 1441 honesta
581 1376 614 1440 in
644 1377 759 1440 virtute
788 1383 957 1459 ponantur,
978 1379 1011 1441 in
1031 1376 1117 1441 vitiis
1136 1378 1253 1462 turpia.
1282 1375 1379 1458 Atqui
1400 1377 1503 1442 virtus

175 1493 206 1549 et
234 1485 345 1549 vitium
388 1485 563 1547 iunctura
609 1503 675 1548 non
703 1483 735 1547 in
779 1484 931 1566 opinione
961 1484 1066 1568 posita
1100 1491 1182 1568 sunt,
1213 1504 1289 1566 ergo
1320 1485 1417 1548 etiam
1448 1483 1503 1548 ho-

173 1600 297 1656 nestum
342 1596 373 1654 et
400 1597 505 1673 turpe,
547 1590 656 1672 itaque
685 1598 717 1654 et
752 1591 801 1655 ius
831 1599 863 1654 et
903 1591 1021 1658 iniuria
1067 1592 1178 1655 Altera
1220 1590 1417 1656 confirmatio
1448 1590 1505 1656 ho·

172 1706 296 1763 nestum
341 1697 493 1762 laudabili
536 1698 680 1762 annectit
736 1697 911 1780 Utrumque
942 1696 1039 1762 lidem
1082 1718 1153 1763 esse
1179 1699 1323 1786 ¹ponitur
1370 1704 1402 1762 ot
1430 1718 1503 1762 cum

173 1805 269 1870 facile
311 1805 474 1869 intellectu
516 1805 557 1867 sit
599 1824 704 1886 neque
746 1804 905 1888 probandi
935 1825 1033 1870 causa
1062 1804 1237 1887 quidquam
1266 1803 1408 1868 adlatum
1440 1811 1501 1887 est,

173 1913 260 1995 quod
289 1933 359 1976 cum
394 1911 544 1976 Antiochi
573 1912 725 1995 opinione
762 1912 919 1994 congruit,
959 1912 1127 1977 honestum
1157 1920 1189 1977 et
1216 1911 1381 1976 laudabile
1409 1911 1511 1976 idem>

175 2020 356 2101 siguificare
385 2026 417 2083 et
444 2040 464 2083 a
492 2019 608 2084 Stoicis
636 2019 717 2083 falso
746 2019 884 2103 seiungi.

277 2125 466 2190 Rectissime
493 2125 750 2191 Reitzensteinus
778 2127 881 2191 locum
911 2126 1104 2210 paragraphi
1130 2127 1173 2190 46
1194 2125 1254 2191 hoc
1274 2123 1370 2190 modo
1390 2143 1499 2189 emen-

176 2232 316 2298 dandum
347 2231 569 2298 commendat:
602 2227 668 2326 (si),
699 2233 784 2314 quod
814 2232 987 2316 laudabile,
1017 2234 1136 2299 bonum
1165 2240 1224 2315 est,
1253 2233 1285 2297 in
1316 2250 1350 2296 se
1378 2231 1500 2297 lrabeat

173 2340 259 2422 quod
288 2340 434 2405 laudetur
461 2359 593 2404 necesso
622 2348 685 2423 est3
714 2341 819 2423 ipsum
848 2339 933 2404 enirn
961 2340 1080 2405 bonum
1109 2360 1174 2406 uon
1204 2347 1252 2405 est
1280 2338 1497 2424 opinionibuS,

172 2446 229 2512 sed
258 2457 385 2525 natura·
430 2467 506 2528 ergo
536 2447 704 2512 honestum
746 2454 778 2512 et
805 2455 897 2530 turpe
926 2448 958 2511 in
987 2455 1103 2514 nutura
1131 2447 1237 2531 posita
1265 2453 1348 2513 sumt.
1382 2444 1495 2526 Neque

172 2555 233 2639 ipsi
261 2555 341 2619 fonti
370 2554 596 2637 denegandum
630 2574 701 2619 csse
721 2554 903 2619 ulteriorem
923 2555 1157 2638 probationem,
1177 2555 1275 2619 immo
1296 2554 1497 2636 Ciceronem,

173 2663 227 2743 qui
243 2668 305 2726 tarn
335 2661 503 2743 insigniter·
532 2661 712 2726 distinxerit
739 2661 789 2726 ius
816 2663 849 2726 in
878 2669 992 2727 natura
1020 2662 1159 2746 positum
1189 2681 1259 2726 esse
1288 2669 1320 2726 et
1343 2659 1499 2725 iustitiam

173 2769 253 2852 tolli,
296 2770 356 2834 nisi
399 2788 457 2853 per
494 2788 528 2833 se
566 2770 637 2852 ipsa
675 2768 857 2853 expetenda
894 2770 944 2853 sit,
979 2770 1012 2833 in
1042 2769 1153 2833 ultima
1181 2769 1275 2833 huius
1303 2767 1376 2831 libri
1404 2773 1499 2850 parte

173 2876 337 2959 disputare
366 2876 461 2940 etiarn
490 2877 643 2941 iustitiam
672 2895 729 2959 per
757 2896 792 2940 se
821 2877 1035 2960 expetendam
1066 2895 1146 2959 esse,
1177 2896 1260 2957 quae
1279 2882 1313 2939 ut
1332 2875 1364 2939 in
1386 2881 1504 2939 natura

172 2984 279 3066 posita
306 2984 355 3064 sit,
384 2984 430 3046 ita
456 2983 552 3047 finem
581 2982 744 3047 hominum
773 3003 854 3066 esse,
884 2990 1049 3065 totumque
1077 2983 1138 3048 hoc
1166 2983 1260 3048 beate
1279 2982 1387 3046 vivere
1404 2984 1503 3046 etlam

174 3090 205 3153 in
235 3090 354 3154 iustitia
383 3109 503 3173 ponere
532 3089 708 3154 rectissime
737 3090 994 3156 Reitzensteinus
1023 3098 1134 3155 contra
1163 3089 1421 3154 Sohmcckelium
1450 3087 1507 3152 ad-

175 3196 295 3261 didisse
324 3196 458 3262 vidctor.
490 3196 736 3261 conclusionem
766 3218 806 3262 ex
834 3197 989 3263 laudabili
1019 3206 1050 3262 et
1086 3198 1172 3262 bono
1217 3203 1322 3276 ,certe
1364 3194 1506 3261 honesta

174 3323 301 3386 quoque
343 3311 374 3367 et
416 3304 526 3388 turpia
556 3356 562 3370 .
595 3356 602 3370 .
635 3356 641 3369 .
674 3303 716 3368 ad
757 3313 904 3370 naturam
944 3303 1114 3369 reserenda
1141 3311 1232 3368 sunt“
1266 3325 1329 3368 non
1358 3302 1506 3384 sequitur

174 3410 261 3492 quod
290 3411 476 3475 Ciceronem
506 3411 539 3474 in
574 3411 637 3476 fine
666 3412 762 3476 totius
791 3413 898 3495 operis
927 3411 1034 3477 dicere
1053 3412 1205 3496 oportuit
1248 3411 1365 3493 ,igitur
1393 3411 1443 3474 ius
1473 3416 1507 3475 ct

175 3518 293 3582 iniuria
322 3510 437 3583 ccdein
467 3517 599 3585 modo“.
629 3518 697 3585 Nec
724 3519 889 3601 proximus
918 3520 1007 3585 locus
1035 3526 1209 3602 pertractat
1237 3517 1424 3601 opinionum
1454 3537 1507 3582 va-

176 3626 319 3690 rietatem
350 3625 390 3688 de
419 3625 486 3688 iure
515 3632 611 3706 atquc
639 3626 760 3690 iniusta
792 3626 956 3707 hominum
995 3626 1131 3710 actione,
1171 3624 1230 3690 sed
1267 3624 1503 3689 dissensionem

176 3732 338 3797 bominum
384 3732 424 3795 de
466 3732 552 3797 bono
597 3731 758 3825 (honesto)
788 3734 874 3814 quod
903 3733 1047 3818 profecto
1077 3734 1135 3797 sub
1164 3733 1228 3797 line
1256 3736 1275 3813 ξ
1303 3731 1346 3796 46
1376 3732 1507 3796 elucere

174 3847 270 3921 atque
304 3840 444 3904 eminere
484 3840 612 3924 uidetur·
653 3840 685 3905 in
728 3841 777 3904 his
819 3841 945 3919 verbim,
982 3848 1013 3905 et
1054 3861 1093 3905 ea
1122 3835 1223 3932 (bona
1251 3848 1283 3904 et
1310 3838 1409 3925 mala)
1440 3839 1507 3902 sint

165 3947 332 4039 xprincipia
361 3955 494 4011 naturae
536 3945 805 4029 Atqui'bomiues
824 3949 971 4013 sensibus
991 3947 1216 4031 perturbantur
1235 3945 1379 4028 illudque
1398 3945 1503 4009 solum

174 4055 291 4118 bonum
322 4061 445 4139 putant,
475 4053 562 4135 quod
590 4055 738 4119 sensibus
766 4056 947 4139 percipiunt
975 4075 1039 4120 non
1078 4054 1163 4136 quod
1201 4056 1326 4118 ratione
1364 4072 1504 4136 cognos-

82 4228 85 4232 ,
174 4168 248 4225 cunt
289 4162 398 4242 itaque
440 4162 604 4244 voluptate
642 4162 811 4226 imitatrice
845 4163 932 4246 honi,
963 4170 1063 4227 matre
1093 4162 1235 4226 omnium
1264 4163 1419 4225 malorum
1450 4159 1505 4224 dc-

172 4270 342 4352 cipiuntur.
373 4268 462 4332 cuius
491 4269 655 4332 blanditiis
683 4271 835 4354 corrupti,
865 4290 948 4351 quae
974 4276 1090 4335 natura
1119 4269 1204 4334 bona
1232 4276 1315 4349 sunt,
1336 4268 1413 4349 quia
1433 4266 1502 4331 dul-

173 4376 287 4441 cedine
326 4375 386 4440 bac
428 4382 459 4438 et
499 4375 608 4439 scabie
650 4383 768 4450 carent.
805 4396 869 4441 non
898 4385 1031 4442 cernunt
1058 4376 1146 4442 satis.
1175 4375 1268 4442 Nunc
1297 4374 1424 4439 demum
1454 4394 1498 4440 se·

173 4484 279 4565 quitur
307 4479 405 4548 illud:
436 4483 587 4564 quoniam
617 4483 737 4549 iustitia
764 4484 847 4549 inter
875 4484 1011 4549 honesta
1043 4483 1172 4569 ponitur
1204 4521 1239 4530 -
1272 4481 1499 4567 expetendam,
