3248 5190
1403 480 1452 551 711

87 692 280 786 prehendat,
310 694 425 764 merito
455 694 489 763 id
517 719 537 763 a
564 696 669 762 Balsio
698 693 831 778 reliquis
858 693 1048 782 fragmentis
1076 690 1261 761 adiunctum
1290 695 1423 764 Reiffer-

45 855 46 858 ,
88 807 251 876 scheidius
279 813 382 890 putat.
412 808 484 874 Non
515 804 687 871 convenire
715 804 799 868 inter
826 805 912 870 viros
941 805 1063 887 doctos,
1092 810 1196 867 utrum
1221 808 1422 888 prooemium

88 914 252 1000 quoddam
300 912 509 979 destinaverit
556 913 669 979 Cicero
717 911 766 976 his
813 911 904 978 libris
951 933 993 978 on
1026 911 1072 976 sic
1100 899 1296 1002 duepuhoog
1326 912 1423 979 edere
1539 990 1542 995 ,
1595 922 1604 951 ‘⁴

88 1023 227 1089 voluerit
254 1021 376 1086 Bahius
404 1021 553 1106 affirmat,
583 1040 653 1085 curm
682 1018 815 1099 reliquis
842 1019 909 1085 suis
929 1019 1056 1104 seriptis
1076 1018 1224 1084 omnibus
1256 1021 1424 1103 prooemia

88 1129 294 1215 praemittere
340 1129 522 1213 consuerit3
565 1127 644 1192 nihii
691 1133 799 1191 tamen
847 1126 1004 1211 impedire
1038 1126 1209 1208 quominus
1237 1147 1322 1192 nunc
1351 1148 1422 1193 eam

86 1237 233 1302 Platonis
274 1236 433 1301 rationem
476 1236 572 1317 sequi
614 1233 755 1299 voluisse
785 1232 920 1318 dicatur,
952 1253 1035 1316 qnae
1064 1233 1169 1299 statim
1200 1234 1423 1316 colloquentes
1473 1312 1476 1319 Ι
1600 1242 1604 1255 “

85 1349 291 1429 proponeret.
323 1346 366 1408 At
394 1342 600 1434 doctissimus
628 1341 677 1406 vir
702 1340 988 1408 Reifferscheidius
1017 1362 1075 1426 pro
1104 1348 1190 1407 certo
1225 1349 1328 1427 putat,
1367 1342 1422 1408 Ci-

87 1471 238 1519 ceronem
278 1450 370 1515 libris
412 1449 453 1515 de
494 1450 623 1533 iegibus
657 1449 858 1533 prooemium
887 1450 1137 1535 praemissurum
1164 1469 1271 1545 neque
1300 1450 1333 1514 in
1360 1451 1423 1516 boc

88 1579 187 1643 opere
224 1556 397 1623 discrimen
439 1557 597 1626 facturum
639 1555 750 1642 fuisse,
793 1557 819 1622 si
848 1557 918 1643 ipse
945 1559 1005 1622 hos
1033 1557 1133 1622 libros
1161 1557 1327 1641 edidisset,
1357 1578 1421 1639 quo

87 1688 159 1731 oum
206 1665 282 1731 mihi
324 1664 506 1731 consentire
547 1665 654 1730 liceat.
700 1657 761 1728 De
785 1663 984 1748 fragmentis,
1014 1661 1097 1747 quae
1126 1663 1168 1729 ad
1196 1671 1421 1748 argumentum

88 1773 288 1858 perditorum
316 1772 470 1837 librorum
498 1770 670 1837 referenda
696 1777 779 1854 sunt,
809 1779 937 1856 praeter
965 1771 1061 1838 Gellii
1082 1779 1114 1838 et
1134 1771 1272 1837 Cinarisii
1292 1773 1421 1838 nonnisi

87 1879 493 1966 fragmentum‘iuaetantii
522 1880 584 1944 huc
611 1879 750 1962 pertinet
780 1873 861 1972 (inst
903 1879 968 1947 div.
998 1880 1024 1947 I.
1055 1879 1109 1960 20)
1138 1879 1225 1960 qnod
1254 1900 1295 1945 ex
1315 1881 1421 1964 capite

88 1989 129 2054 de
159 1988 413 2054 'educationeet
441 1987 613 2071 disciplina
655 1985 710 2072 (de
739 1987 802 2068 leg.
833 1989 865 2058 3,
896 1990 951 2068 30)
980 1995 1139 2071 sumptum
1169 2007 1240 2054 esse
1282 1987 1420 2056 videtur.

195 2095 335 2178 Reliqua
377 2095 560 2178 fragmenta
601 2094 652 2158 vel
695 2112 802 2159 errore
839 2094 1050 2179 disputationi
1093 2094 1133 2159 de
1172 2095 1298 2177 iegibus
1326 2095 1422 2161 tribui

90 2203 187 2269 credo
217 2204 268 2267 vei
297 2202 329 2267 in
358 2198 449 2287 parte
477 2202 571 2267 nobis
600 2207 728 2266 servata
755 2203 924 2269 contineri.
954 2203 1120 2268 Postremo
1154 2222 1348 2285 quamquam
1378 2221 1421 2270 ex

88 2305 255 2377 Ciceronis
273 2310 381 2375 verbis
409 2309 510 2392 liquet
540 2307 594 2401 (de
626 2308 692 2391 leg.
725 2309 783 2392 iii,
818 2305 877 2402 tl)
907 2309 995 2375 aliud
1024 2310 1085 2374 sibi
1114 2310 1282 2375 consilium
1311 2311 1418 2393 legum

88 2417 331 2483 scribendarum
373 2417 475 2501 primo
522 2417 633 2498 fuisse,
680 2415 768 2480 aliud
815 2437 850 2482 se
896 2437 995 2501 opere
1040 2417 1237 2501 procedente
1283 2419 1420 2504 cepisse,

86 2545 223 2607 cumque
264 2524 353 2607 leges
395 2524 480 2607 (libri
517 2523 650 2589 secundi
683 2529 720 2592 et
756 2525 851 2606 tertii)
897 2525 1010 2590 intima
1038 2525 1244 2609 philosophia
1272 2546 1336 2591 non
1374 2526 1420 2591 ni-

86 2640 203 2718 tantur,
251 2652 291 2696 ex
338 2652 403 2714 qua
448 2631 509 2697 sibi
546 2632 624 2697 iuris
661 2631 865 2716 disciplinam
902 2632 1113 2698 hauriendam
1162 2653 1233 2698 esse
1279 2640 1419 2718 putaret,

87 2749 195 2805 tamen
224 2739 300 2805 mibi
329 2738 614 2804 Reifferscheidins
641 2739 839 2822 persuadere
881 2762 946 2806 non
982 2741 1098 2823 potuit,
1139 2741 1327 2806 Ciceronem
1373 2741 1420 2825 ip-

87 2866 156 2912 sum
198 2845 395 2931 procedente
441 2846 503 2912 hoc
531 2866 628 2930 opere
656 2847 797 2914 sensisse
825 2849 909 2914 vires
938 2868 1012 2913 suas
1041 2854 1129 2912 tanto
1158 2849 1323 2932 proposito
1351 2869 1417 2913 non

89 2973 162 3019 esse
190 2972 294 3038 pares,
323 2959 358 3017 ut
383 2954 433 3019 ius
461 2953 571 3039 populi
601 2952 740 3019 Romani
768 2954 809 3020 ad
839 2957 995 3021 rationem
1025 2955 1251 3039 philosophiae
1279 2976 1419 3038 graecae

89 3066 267 3146 reuocaret,
306 3080 409 3143 eaque
447 3060 488 3126 de
531 3081 629 3126 eausa
671 3062 770 3127 libros
797 3063 839 3127 de
866 3063 992 3145 legibus
1020 3082 1085 3128 non
1115 3063 1293 3129 absolvisse
1322 3064 1419 3128 immo

88 3189 160 3233 eum
190 3167 325 3252 primum
355 3168 561 3252 proconsulis
604 3189 735 3235 munere
776 3170 956 3254 inopinato,
986 3169 1105 3235 deinde
1133 3171 1419 3237 turbulentissimis

87 3275 227 3341 civitatis
267 3276 465 3360 temporibus
506 3275 699 3361 impeditum
732 3277 831 3344 fuisse
859 3286 948 3362 puto,
979 3279 1149 3360 quominus
1178 3279 1277 3344 libros
1306 3280 1347 3344 de
1376 3281 1421 3344 le-

86 3383 364 3468 gibusperficeret
397 3391 428 3449 et
455 3384 545 3467 leges
572 3404 648 3449 suas
675 3404 814 3466 graecae
843 3386 1009 3451 doctrinae
1037 3385 1143 3451 studio
1178 3386 1416 3456 accomodaret.

197 3488 287 3574 Opus
329 3490 496 3556 Ciceronis
537 3492 592 3573 qui
635 3491 676 3557 de
717 3492 844 3576 iegibus
885 3493 1069 3558 inscribitur
1101 3494 1316 3578 conscriptum
1345 3515 1416 3560 esse

90 3604 215 3663 mortuo
258 3597 374 3664 Clodio
416 3619 447 3665 a.
492 3597 523 3663 d.
569 3595 613 3666 13
646 3599 809 3667 Calendas
838 3601 1031 3665 Februarias
1061 3597 1121 3668 52.
1151 3602 1337 3684 prinsquam
1368 3603 1421 3666 lex

87 3705 245 3789 Pompeia
272 3704 314 3770 de
341 3705 373 3770 vi
403 3713 434 3771 et
461 3705 583 3770 ambitu
611 3708 816 3792 promulgata
845 3715 939 3789 esset,
961 3727 1045 3789 quae
1063 3704 1245 3774 libertatem
1265 3709 1419 3791 loquendi

87 3814 254 3880 coerceret
291 3812 458 3879 interiecto
488 3820 674 3898 tempores
703 3813 736 3882 d.
765 3815 804 3881 V.
833 3811 997 3880 Calendas
1025 3815 1158 3881 Martias
1187 3824 1219 3881 et
1237 3837 1267 3882 a.
1298 3817 1318 3881 d
1361 3817 1417 3884 IV.

90 3918 253 3985 Calendas
294 3920 409 4003 Maias,
454 3920 657 3986 doctissimus
698 3924 746 3986 vir
788 3922 1023 3988 Gudrmannus
1065 3923 1125 3989 hac
1164 3925 1418 3989 luculentissima

86 4028 366 4109 argumentatione
408 4028 597 4094 confirmare
634 4029 781 4098 videtur:
825 4031 851 4095 h
886 4030 1050 4096 Ciceronis
1078 4031 1149 4096 loeo
1181 4030 1236 4117 (de
1266 4032 1329 4114 leg.
1360 4032 1418 4118 Ili,

91 4132 150 4202 18.
197 4129 263 4228 40)
306 4135 376 4200 sine
418 4135 516 4202 dubio
559 4135 706 4202 conicere
748 4137 824 4202 lieet
852 4156 923 4203 eam
951 4138 1056 4221 legem
1087 4138 1234 4204 Ciceroni
1264 4138 1325 4223 ipsi
1354 4158 1418 4205 nou

87 4242 191 4308 solum
219 4242 454 4327 gravissimam,
494 4263 577 4326 quae
607 4244 787 4330 copiosiore
815 4245 1008 4330 probatione
1036 4242 1205 4330 indigeret,
1235 4246 1293 4312 sed
1323 4248 1418 4312 etiarn

87 4349 219 4416 omnino
260 4370 377 4416 novam
420 4351 522 4416 visam
560 4370 631 4417 esse
672 4389 708 4399 -
741 4374 814 4418 nam
844 4352 870 4418 si
899 4353 954 4418 ilie
982 4354 1126 4419 novisset
1153 4374 1256 4436 aeque
1283 4353 1420 4420 fortibus

86 4456 239 4523 remediis
280 4458 344 4522 iam
385 4459 547 4542 provisum
592 4478 666 4527 esse
708 4479 770 4541 quo
800 4459 896 4525 modo
926 4481 996 4525 cum
1027 4462 1147 4545 populo
1177 4469 1208 4527 et
1222 4451 1254 4527 in
1271 4463 1417 4546 patribus

86 4564 250 4647 agendum
280 4571 374 4650 esset,
404 4586 444 4632 ea
470 4567 597 4632 silentio
626 4567 871 4650 praeteriturum
900 4567 1000 4633 fuisse
1027 4589 1092 4634 non
1122 4575 1176 4634 est
1193 4568 1363 4636 credibile.

193 4671 368 4756 Pompeius
395 4675 521 4739 tertium
550 4675 662 4740 consui
690 4675 811 4759 primus
841 4695 878 4739 eo
908 4695 1009 4758 usque
1048 4677 1201 4742 intactam
1238 4677 1418 4742 libertatem

87 4777 243 4863 loquendi
280 4781 462 4848 coercuisse
495 4781 611 4847 dicitur
649 4782 741 4866 (Tae.
777 4781 928 4866 dialogus
964 4781 1035 4867 38),
1066 4803 1161 4866 quem
1189 4785 1316 4851 tertium
1346 4806 1419 4853 con·
